day;timestamp;product;bid_price_1;bid_volume_1;bid_price_2;bid_volume_2;bid_price_3;bid_volume_3;ask_price_1;ask_volume_1;ask_price_2;ask_volume_2;ask_price_3;ask_volume_3;mid_price;profit_and_loss;timestamp_in_day
-2;0;ASH_COATED_OSMIUM;;;;;;;10010.0;25.0;;;;;10010.0;0.0;0
-2;100;ASH_COATED_OSMIUM;9992.0;15.0;;;;;10008.0;15.0;10011.0;20.0;;;10000.0;0.0;100
-2;200;ASH_COATED_OSMIUM;9992.0;15.0;9989.0;30.0;;;10008.0;15.0;10010.0;30.0;;;10000.0;0.0;200
-2;300;ASH_COATED_OSMIUM;9992.0;13.0;9989.0;26.0;;;10008.0;13.0;10010.0;26.0;;;10000.0;0.0;300
-2;400;ASH_COATED_OSMIUM;9992.0;15.0;;;;;10008.0;15.0;10010.0;20.0;;;10000.0;0.0;400
-2;500;ASH_COATED_OSMIUM;9992.0;13.0;9989.0;30.0;;;10008.0;13.0;10010.0;30.0;;;10000.0;0.0;500
-2;600;ASH_COATED_OSMIUM;9989.0;30.0;;;;;10010.0;30.0;;;;;9999.5;0.0;600
-2;700;ASH_COATED_OSMIUM;9990.0;27.0;;;;;10011.0;27.0;;;;;10000.5;0.0;700
-2;800;ASH_COATED_OSMIUM;9993.0;15.0;;;;;10011.0;21.0;;;;;10002.0;0.0;800
-2;900;ASH_COATED_OSMIUM;9993.0;13.0;9990.0;30.0;;;9998.0;8.0;10009.0;13.0;10011.0;30.0;9995.5;0.0;900
-2;1000;ASH_COATED_OSMIUM;9990.0;22.0;;;;;10009.0;15.0;10011.0;22.0;;;9999.5;0.0;1000
-2;1100;ASH_COATED_OSMIUM;9993.0;10.0;;;;;10009.0;10.0;10011.0;25.0;;;10001.0;0.0;1100
-2;1200;ASH_COATED_OSMIUM;;;;;;;10009.0;10.0;10011.0;27.0;;;10009.0;0.0;1200
-2;1300;ASH_COATED_OSMIUM;9993.0;10.0;9991.0;23.0;;;10012.0;23.0;;;;;10002.5;0.0;1300
-2;1400;ASH_COATED_OSMIUM;9993.0;13.0;9991.0;26.0;;;10009.0;13.0;10012.0;26.0;;;10001.0;0.0;1400
-2;1500;ASH_COATED_OSMIUM;9994.0;12.0;9991.0;25.0;;;10010.0;12.0;10012.0;25.0;;;10002.0;0.0;1500
-2;1600;ASH_COATED_OSMIUM;9994.0;15.0;9991.0;23.0;;;;;;;;;9994.0;0.0;1600
-2;1700;ASH_COATED_OSMIUM;9999.0;3.0;9994.0;12.0;9991.0;28.0;10010.0;12.0;10012.0;28.0;;;10004.5;0.0;1700
-2;1800;ASH_COATED_OSMIUM;9994.0;14.0;9991.0;24.0;;;10010.0;14.0;10012.0;24.0;;;10002.0;0.0;1800
-2;1900;ASH_COATED_OSMIUM;9994.0;11.0;9991.0;25.0;;;10010.0;11.0;10012.0;25.0;;;10002.0;0.0;1900
-2;2000;ASH_COATED_OSMIUM;9991.0;30.0;;;;;10010.0;10.0;10012.0;30.0;;;10000.5;0.0;2000
-2;2100;ASH_COATED_OSMIUM;9994.0;13.0;9992.0;20.0;;;10010.0;13.0;;;;;10002.0;0.0;2100
-2;2200;ASH_COATED_OSMIUM;9994.0;14.0;;;;;10010.0;14.0;10013.0;25.0;;;10002.0;0.0;2200
-2;2300;ASH_COATED_OSMIUM;10000.0;5.0;9995.0;11.0;9992.0;28.0;10011.0;11.0;10013.0;28.0;;;10005.5;0.0;2300
-2;2400;ASH_COATED_OSMIUM;9992.0;30.0;;;;;10011.0;13.0;10013.0;30.0;;;10001.5;0.0;2400
-2;2500;ASH_COATED_OSMIUM;9992.0;21.0;;;;;10011.0;14.0;;;;;10001.5;0.0;2500
-2;2600;ASH_COATED_OSMIUM;9995.0;15.0;9992.0;21.0;;;10011.0;15.0;;;;;10003.0;0.0;2600
-2;2700;ASH_COATED_OSMIUM;9995.0;15.0;9992.0;26.0;;;10013.0;26.0;;;;;10004.0;0.0;2700
-2;2800;ASH_COATED_OSMIUM;9995.0;13.0;;;;;10011.0;13.0;10013.0;28.0;;;10003.0;0.0;2800
-2;2900;ASH_COATED_OSMIUM;9995.0;15.0;9993.0;30.0;;;10011.0;15.0;10014.0;30.0;;;10003.0;0.0;2900
-2;3000;ASH_COATED_OSMIUM;9993.0;26.0;;;;;10011.0;12.0;10014.0;26.0;;;10002.0;0.0;3000
-2;3100;ASH_COATED_OSMIUM;9996.0;12.0;;;;;10012.0;12.0;10014.0;23.0;;;10004.0;0.0;3100
-2;3200;ASH_COATED_OSMIUM;9996.0;11.0;9993.0;26.0;;;10014.0;26.0;;;;;10005.0;0.0;3200
-2;3300;ASH_COATED_OSMIUM;9996.0;15.0;9993.0;20.0;;;10012.0;15.0;10014.0;20.0;;;10004.0;0.0;3300
-2;3400;ASH_COATED_OSMIUM;9996.0;10.0;9993.0;22.0;;;10012.0;10.0;;;;;10004.0;0.0;3400
-2;3500;ASH_COATED_OSMIUM;9993.0;29.0;;;;;10012.0;10.0;10014.0;29.0;;;10002.5;0.0;3500
-2;3600;ASH_COATED_OSMIUM;9996.0;10.0;9993.0;26.0;;;10012.0;10.0;;;;;10004.0;0.0;3600
-2;3700;ASH_COATED_OSMIUM;9993.0;25.0;;;;;10011.0;11.0;;;;;10002.0;0.0;3700
-2;3800;ASH_COATED_OSMIUM;9995.0;11.0;9993.0;27.0;;;10011.0;11.0;10014.0;27.0;;;10003.0;0.0;3800
-2;3900;ASH_COATED_OSMIUM;9995.0;14.0;9993.0;25.0;;;10011.0;14.0;10014.0;25.0;;;10003.0;0.0;3900
-2;4000;ASH_COATED_OSMIUM;9996.0;10.0;9994.0;27.0;;;10012.0;10.0;10015.0;27.0;;;10004.0;0.0;4000
-2;4100;ASH_COATED_OSMIUM;9994.0;28.0;;;;;10013.0;12.0;;;;;10003.5;0.0;4100
-2;4200;ASH_COATED_OSMIUM;9994.0;23.0;;;;;10015.0;23.0;;;;;10004.5;0.0;4200
-2;4300;ASH_COATED_OSMIUM;9997.0;13.0;9994.0;26.0;;;10015.0;26.0;;;;;10006.0;0.0;4300
-2;4400;ASH_COATED_OSMIUM;9997.0;11.0;9994.0;28.0;;;10015.0;28.0;;;;;10006.0;0.0;4400
-2;4500;ASH_COATED_OSMIUM;9997.0;12.0;9994.0;29.0;;;10013.0;12.0;10015.0;29.0;;;10005.0;0.0;4500
-2;4600;ASH_COATED_OSMIUM;9997.0;11.0;9995.0;29.0;;;10016.0;29.0;;;;;10006.5;0.0;4600
-2;4700;ASH_COATED_OSMIUM;;;;;;;10013.0;11.0;10016.0;29.0;;;10013.0;0.0;4700
-2;4800;ASH_COATED_OSMIUM;9995.0;24.0;;;;;10007.0;3.0;10013.0;14.0;10016.0;24.0;10001.0;0.0;4800
-2;4900;ASH_COATED_OSMIUM;9997.0;15.0;9995.0;22.0;;;10013.0;15.0;10016.0;22.0;;;10005.0;0.0;4900
-2;5000;ASH_COATED_OSMIUM;9997.0;15.0;9994.0;20.0;;;10013.0;15.0;10015.0;20.0;;;10005.0;0.0;5000
-2;5100;ASH_COATED_OSMIUM;9997.0;11.0;9994.0;29.0;;;10013.0;11.0;10015.0;29.0;;;10005.0;0.0;5100
-2;5200;ASH_COATED_OSMIUM;9994.0;25.0;;;;;10013.0;12.0;10015.0;25.0;;;10003.5;0.0;5200
-2;5300;ASH_COATED_OSMIUM;10002.0;4.0;9994.0;22.0;;;10012.0;15.0;10015.0;22.0;;;10007.0;0.0;5300
-2;5400;ASH_COATED_OSMIUM;9994.0;29.0;;;;;10013.0;15.0;;;;;10003.5;0.0;5400
-2;5500;ASH_COATED_OSMIUM;9996.0;13.0;9994.0;28.0;;;10012.0;13.0;10015.0;28.0;;;10004.0;0.0;5500
-2;5600;ASH_COATED_OSMIUM;9996.0;15.0;;;;;;;;;;;9996.0;0.0;5600
-2;5700;ASH_COATED_OSMIUM;9996.0;12.0;9993.0;29.0;;;10012.0;12.0;;;;;10004.0;0.0;5700
-2;5800;ASH_COATED_OSMIUM;10001.0;5.0;9996.0;15.0;9993.0;26.0;10012.0;15.0;10014.0;26.0;;;10006.5;0.0;5800
-2;5900;ASH_COATED_OSMIUM;9996.0;13.0;9994.0;28.0;;;10015.0;28.0;;;;;10005.5;0.0;5900
-2;6000;ASH_COATED_OSMIUM;9996.0;10.0;9994.0;21.0;;;10006.0;2.0;10012.0;10.0;10015.0;21.0;10001.0;0.0;6000
-2;6100;ASH_COATED_OSMIUM;9997.0;11.0;9994.0;26.0;;;10013.0;11.0;10015.0;26.0;;;10005.0;0.0;6100
-2;6200;ASH_COATED_OSMIUM;9997.0;12.0;9994.0;23.0;;;10013.0;12.0;10015.0;23.0;;;10005.0;0.0;6200
-2;6300;ASH_COATED_OSMIUM;9996.0;13.0;9993.0;26.0;;;10012.0;13.0;10014.0;26.0;;;10004.0;0.0;6300
-2;6400;ASH_COATED_OSMIUM;9996.0;13.0;9993.0;26.0;;;10012.0;13.0;10014.0;26.0;;;10004.0;0.0;6400
-2;6500;ASH_COATED_OSMIUM;9993.0;21.0;;;;;;;;;;;9993.0;0.0;6500
-2;6600;ASH_COATED_OSMIUM;9996.0;13.0;9993.0;23.0;;;10012.0;13.0;10014.0;23.0;;;10004.0;0.0;6600
-2;6700;ASH_COATED_OSMIUM;9996.0;14.0;9993.0;27.0;;;10012.0;14.0;10014.0;27.0;;;10004.0;0.0;6700
-2;6800;ASH_COATED_OSMIUM;9996.0;14.0;9993.0;23.0;;;10012.0;14.0;10014.0;23.0;;;10004.0;0.0;6800
-2;6900;ASH_COATED_OSMIUM;9995.0;13.0;9993.0;28.0;;;10014.0;28.0;;;;;10004.5;0.0;6900
-2;7000;ASH_COATED_OSMIUM;9995.0;14.0;9993.0;24.0;;;10011.0;14.0;;;;;10003.0;0.0;7000
-2;7100;ASH_COATED_OSMIUM;9995.0;11.0;9993.0;26.0;;;10011.0;11.0;;;;;10003.0;0.0;7100
-2;7200;ASH_COATED_OSMIUM;9993.0;26.0;;;;;10012.0;14.0;10014.0;26.0;;;10002.5;0.0;7200
-2;7300;ASH_COATED_OSMIUM;9996.0;11.0;9993.0;27.0;;;10012.0;11.0;10014.0;27.0;;;10004.0;0.0;7300
-2;7400;ASH_COATED_OSMIUM;9996.0;11.0;9994.0;28.0;;;10012.0;11.0;10015.0;28.0;;;10004.0;0.0;7400
-2;7500;ASH_COATED_OSMIUM;9997.0;10.0;;;;;10013.0;10.0;;;;;10005.0;0.0;7500
-2;7600;ASH_COATED_OSMIUM;9997.0;13.0;9994.0;28.0;;;10015.0;28.0;;;;;10006.0;0.0;7600
-2;7700;ASH_COATED_OSMIUM;9994.0;25.0;;;;;10013.0;13.0;10015.0;25.0;;;10003.5;0.0;7700
-2;7800;ASH_COATED_OSMIUM;10002.0;4.0;9996.0;14.0;9994.0;21.0;10015.0;21.0;;;;;10008.5;0.0;7800
-2;7900;ASH_COATED_OSMIUM;9996.0;13.0;;;;;10012.0;13.0;;;;;10004.0;0.0;7900
-2;8000;ASH_COATED_OSMIUM;10006.0;6.0;9994.0;23.0;;;10013.0;15.0;10015.0;23.0;;;10009.5;0.0;8000
-2;8100;ASH_COATED_OSMIUM;9997.0;15.0;9994.0;20.0;;;10013.0;15.0;;;;;10005.0;0.0;8100
-2;8200;ASH_COATED_OSMIUM;9994.0;30.0;;;;;10015.0;30.0;;;;;10004.5;0.0;8200
-2;8300;ASH_COATED_OSMIUM;9997.0;14.0;9994.0;27.0;;;10015.0;27.0;;;;;10006.0;0.0;8300
-2;8400;ASH_COATED_OSMIUM;9997.0;10.0;9994.0;25.0;;;10013.0;10.0;10015.0;25.0;;;10005.0;0.0;8400
-2;8500;ASH_COATED_OSMIUM;9997.0;12.0;9995.0;23.0;;;10013.0;12.0;10016.0;23.0;;;10005.0;0.0;8500
-2;8600;ASH_COATED_OSMIUM;9995.0;27.0;;;;;10013.0;13.0;10016.0;27.0;;;10004.0;0.0;8600
-2;8700;ASH_COATED_OSMIUM;9997.0;10.0;9995.0;22.0;;;10013.0;10.0;10016.0;22.0;;;10005.0;0.0;8700
-2;8800;ASH_COATED_OSMIUM;9997.0;13.0;9995.0;20.0;;;10013.0;13.0;;;;;10005.0;0.0;8800
-2;8900;ASH_COATED_OSMIUM;10003.0;2.0;9997.0;12.0;;;10013.0;12.0;10016.0;26.0;;;10008.0;0.0;8900
-2;9000;ASH_COATED_OSMIUM;9998.0;10.0;9995.0;29.0;;;10014.0;10.0;10016.0;29.0;;;10006.0;0.0;9000
-2;9100;ASH_COATED_OSMIUM;9996.0;24.0;;;;;10017.0;24.0;;;;;10006.5;0.0;9100
-2;9200;ASH_COATED_OSMIUM;9998.0;10.0;9996.0;28.0;;;10014.0;10.0;;;;;10006.0;0.0;9200
-2;9300;ASH_COATED_OSMIUM;9998.0;11.0;9995.0;26.0;;;10014.0;11.0;10016.0;26.0;;;10006.0;0.0;9300
-2;9400;ASH_COATED_OSMIUM;9996.0;25.0;;;;;10015.0;11.0;10017.0;25.0;;;10005.5;0.0;9400
-2;9500;ASH_COATED_OSMIUM;9999.0;12.0;9996.0;23.0;;;10015.0;12.0;10017.0;23.0;;;10007.0;0.0;9500
-2;9600;ASH_COATED_OSMIUM;9999.0;10.0;9997.0;29.0;;;10015.0;10.0;10018.0;29.0;;;10007.0;0.0;9600
-2;9700;ASH_COATED_OSMIUM;10000.0;13.0;9997.0;28.0;;;10016.0;13.0;10018.0;28.0;;;10008.0;0.0;9700
-2;9800;ASH_COATED_OSMIUM;10000.0;15.0;9997.0;23.0;;;10016.0;15.0;10018.0;23.0;;;10008.0;0.0;9800
-2;9900;ASH_COATED_OSMIUM;10000.0;14.0;9998.0;25.0;;;10016.0;14.0;10019.0;25.0;;;10008.0;0.0;9900
-2;10000;ASH_COATED_OSMIUM;9997.0;30.0;;;;;10016.0;11.0;10018.0;30.0;;;10006.5;0.0;10000
-2;10100;ASH_COATED_OSMIUM;10000.0;10.0;;;;;10016.0;10.0;10019.0;25.0;;;10008.0;0.0;10100
-2;10200;ASH_COATED_OSMIUM;10000.0;13.0;9998.0;29.0;;;10016.0;13.0;10019.0;29.0;;;10008.0;0.0;10200
-2;10300;ASH_COATED_OSMIUM;10001.0;13.0;9998.0;23.0;;;10017.0;13.0;10019.0;23.0;;;10009.0;0.0;10300
-2;10400;ASH_COATED_OSMIUM;10007.0;5.0;10001.0;10.0;;;10017.0;10.0;10020.0;22.0;;;10012.0;0.0;10400
-2;10500;ASH_COATED_OSMIUM;10002.0;10.0;9999.0;20.0;;;10018.0;10.0;10020.0;20.0;;;10010.0;0.0;10500
-2;10600;ASH_COATED_OSMIUM;10001.0;13.0;9999.0;29.0;;;10020.0;29.0;;;;;10010.5;0.0;10600
-2;10700;ASH_COATED_OSMIUM;9998.0;29.0;;;;;10016.0;14.0;10019.0;29.0;;;10007.0;0.0;10700
-2;10800;ASH_COATED_OSMIUM;10000.0;11.0;9998.0;22.0;;;10016.0;11.0;10019.0;22.0;;;10008.0;0.0;10800
-2;10900;ASH_COATED_OSMIUM;10001.0;15.0;9998.0;21.0;;;10019.0;21.0;;;;;10010.0;0.0;10900
-2;11000;ASH_COATED_OSMIUM;10001.0;13.0;9998.0;27.0;;;10017.0;13.0;10019.0;27.0;;;10009.0;0.0;11000
-2;11100;ASH_COATED_OSMIUM;10001.0;11.0;;;;;10017.0;11.0;10019.0;29.0;;;10009.0;0.0;11100
-2;11200;ASH_COATED_OSMIUM;10001.0;10.0;9998.0;20.0;;;10017.0;10.0;10019.0;20.0;;;10009.0;0.0;11200
-2;11300;ASH_COATED_OSMIUM;10000.0;12.0;9998.0;21.0;;;10016.0;12.0;10019.0;21.0;;;10008.0;0.0;11300
-2;11400;ASH_COATED_OSMIUM;10000.0;12.0;9998.0;30.0;;;10016.0;12.0;10019.0;30.0;;;10008.0;0.0;11400
-2;11500;ASH_COATED_OSMIUM;10001.0;13.0;9998.0;24.0;;;10019.0;24.0;;;;;10010.0;0.0;11500
-2;11600;ASH_COATED_OSMIUM;10006.0;5.0;;;;;10017.0;12.0;10019.0;30.0;;;10011.5;0.0;11600
-2;11700;ASH_COATED_OSMIUM;;;;;;;10016.0;13.0;;;;;10016.0;0.0;11700
-2;11800;ASH_COATED_OSMIUM;10000.0;10.0;9998.0;29.0;;;10016.0;10.0;10019.0;29.0;;;10008.0;0.0;11800
-2;11900;ASH_COATED_OSMIUM;10000.0;14.0;9998.0;22.0;;;10016.0;14.0;10019.0;22.0;;;10008.0;0.0;11900
-2;12000;ASH_COATED_OSMIUM;9997.0;28.0;;;;;10016.0;13.0;10018.0;28.0;;;10006.5;0.0;12000
-2;12100;ASH_COATED_OSMIUM;9998.0;21.0;;;;;10019.0;21.0;;;;;10008.5;0.0;12100
-2;12200;ASH_COATED_OSMIUM;10000.0;13.0;;;;;10016.0;13.0;10019.0;23.0;;;10008.0;0.0;12200
-2;12300;ASH_COATED_OSMIUM;10000.0;11.0;;;;;10016.0;11.0;;;;;10008.0;0.0;12300
-2;12400;ASH_COATED_OSMIUM;10006.0;2.0;10000.0;15.0;9998.0;25.0;10016.0;15.0;10019.0;25.0;;;10011.0;0.0;12400
-2;12500;ASH_COATED_OSMIUM;10000.0;13.0;9998.0;28.0;;;10019.0;28.0;;;;;10009.5;0.0;12500
-2;12600;ASH_COATED_OSMIUM;10000.0;15.0;;;;;10019.0;26.0;;;;;10009.5;0.0;12600
-2;12700;ASH_COATED_OSMIUM;10000.0;13.0;9998.0;22.0;;;10016.0;13.0;10019.0;22.0;;;10008.0;0.0;12700
-2;12800;ASH_COATED_OSMIUM;10001.0;14.0;9998.0;20.0;;;10017.0;14.0;10019.0;20.0;;;10009.0;0.0;12800
-2;12900;ASH_COATED_OSMIUM;10001.0;10.0;9999.0;20.0;;;;;;;;;10001.0;0.0;12900
-2;13000;ASH_COATED_OSMIUM;10001.0;15.0;9998.0;30.0;;;10017.0;15.0;10019.0;30.0;;;10009.0;0.0;13000
-2;13100;ASH_COATED_OSMIUM;10006.0;2.0;;;;;10017.0;10.0;10019.0;21.0;;;10011.5;0.0;13100
-2;13200;ASH_COATED_OSMIUM;10000.0;12.0;9998.0;22.0;;;10016.0;12.0;10019.0;22.0;;;10008.0;0.0;13200
-2;13300;ASH_COATED_OSMIUM;10001.0;11.0;9998.0;27.0;;;10017.0;11.0;10019.0;27.0;;;10009.0;0.0;13300
-2;13400;ASH_COATED_OSMIUM;10000.0;15.0;9998.0;27.0;;;10016.0;15.0;10019.0;27.0;;;10008.0;0.0;13400
-2;13500;ASH_COATED_OSMIUM;10001.0;14.0;9998.0;27.0;;;10017.0;14.0;;;;;10009.0;0.0;13500
-2;13600;ASH_COATED_OSMIUM;10001.0;13.0;9999.0;24.0;;;10017.0;13.0;10020.0;24.0;;;10009.0;0.0;13600
-2;13700;ASH_COATED_OSMIUM;10001.0;14.0;9998.0;20.0;;;10017.0;14.0;10019.0;20.0;;;10009.0;0.0;13700
-2;13800;ASH_COATED_OSMIUM;9998.0;22.0;;;;;10017.0;13.0;10019.0;22.0;;;10007.5;0.0;13800
-2;13900;ASH_COATED_OSMIUM;10001.0;14.0;9999.0;20.0;;;10017.0;14.0;10020.0;20.0;;;10009.0;0.0;13900
-2;14000;ASH_COATED_OSMIUM;10001.0;14.0;9999.0;25.0;;;10017.0;14.0;;;;;10009.0;0.0;14000
-2;14100;ASH_COATED_OSMIUM;10002.0;12.0;9999.0;25.0;;;10020.0;25.0;;;;;10011.0;0.0;14100
-2;14200;ASH_COATED_OSMIUM;10001.0;10.0;9999.0;23.0;;;10017.0;10.0;;;;;10009.0;0.0;14200
-2;14300;ASH_COATED_OSMIUM;10001.0;14.0;9999.0;23.0;;;10017.0;14.0;;;;;10009.0;0.0;14300
-2;14400;ASH_COATED_OSMIUM;10001.0;14.0;;;;;10017.0;14.0;;;;;10009.0;0.0;14400
-2;14500;ASH_COATED_OSMIUM;;;;;;;10017.0;14.0;10019.0;30.0;;;10017.0;0.0;14500
-2;14600;ASH_COATED_OSMIUM;10001.0;15.0;9998.0;20.0;;;10019.0;20.0;;;;;10010.0;0.0;14600
-2;14700;ASH_COATED_OSMIUM;10000.0;15.0;9997.0;20.0;;;;;;;;;10000.0;0.0;14700
-2;14800;ASH_COATED_OSMIUM;10000.0;13.0;9997.0;28.0;;;10016.0;13.0;10018.0;28.0;;;10008.0;0.0;14800
-2;14900;ASH_COATED_OSMIUM;9997.0;29.0;;;;;10016.0;10.0;;;;;10006.5;0.0;14900
-2;15000;ASH_COATED_OSMIUM;10000.0;10.0;;;;;10016.0;10.0;10018.0;21.0;;;10008.0;0.0;15000
-2;15100;ASH_COATED_OSMIUM;10000.0;15.0;9997.0;29.0;;;10016.0;15.0;10018.0;29.0;;;10008.0;0.0;15100
-2;15200;ASH_COATED_OSMIUM;9999.0;11.0;9997.0;28.0;;;10015.0;11.0;10018.0;28.0;;;10007.0;0.0;15200
-2;15300;ASH_COATED_OSMIUM;9996.0;26.0;;;;;10015.0;10.0;10017.0;26.0;;;10005.5;0.0;15300
-2;15400;ASH_COATED_OSMIUM;9999.0;13.0;9997.0;22.0;;;10015.0;13.0;10018.0;22.0;;;10007.0;0.0;15400
-2;15500;ASH_COATED_OSMIUM;9999.0;14.0;9996.0;24.0;;;10015.0;14.0;10017.0;24.0;;;10007.0;0.0;15500
-2;15600;ASH_COATED_OSMIUM;9998.0;15.0;9996.0;25.0;;;10014.0;15.0;;;;;10006.0;0.0;15600
-2;15700;ASH_COATED_OSMIUM;9998.0;11.0;9996.0;29.0;;;10014.0;11.0;10017.0;29.0;;;10006.0;0.0;15700
-2;15800;ASH_COATED_OSMIUM;9998.0;10.0;;;;;10014.0;10.0;10017.0;20.0;;;10006.0;0.0;15800
-2;15900;ASH_COATED_OSMIUM;9995.0;25.0;;;;;10014.0;12.0;10016.0;25.0;;;10004.5;0.0;15900
-2;16000;ASH_COATED_OSMIUM;9999.0;10.0;9996.0;21.0;;;10017.0;21.0;;;;;10008.0;0.0;16000
-2;16100;ASH_COATED_OSMIUM;9998.0;14.0;;;;;10014.0;14.0;10017.0;25.0;;;10006.0;0.0;16100
-2;16200;ASH_COATED_OSMIUM;9998.0;12.0;;;;;10014.0;12.0;10017.0;29.0;;;10006.0;0.0;16200
-2;16300;ASH_COATED_OSMIUM;9998.0;13.0;9996.0;30.0;;;10014.0;13.0;10017.0;30.0;;;10006.0;0.0;16300
-2;16400;ASH_COATED_OSMIUM;9996.0;27.0;;;;;10014.0;12.0;10017.0;27.0;;;10005.0;0.0;16400
-2;16500;ASH_COATED_OSMIUM;9998.0;12.0;9996.0;26.0;;;10014.0;12.0;10017.0;26.0;;;10006.0;0.0;16500
-2;16600;ASH_COATED_OSMIUM;9996.0;23.0;;;;;10017.0;23.0;;;;;10006.5;0.0;16600
-2;16700;ASH_COATED_OSMIUM;9999.0;13.0;9996.0;24.0;;;10015.0;13.0;10017.0;24.0;;;10007.0;0.0;16700
-2;16800;ASH_COATED_OSMIUM;9999.0;11.0;;;;;10015.0;11.0;10017.0;21.0;;;10007.0;0.0;16800
-2;16900;ASH_COATED_OSMIUM;9996.0;25.0;;;;;10015.0;12.0;10017.0;25.0;;;10005.5;0.0;16900
-2;17000;ASH_COATED_OSMIUM;9996.0;27.0;;;;;10014.0;10.0;10017.0;27.0;;;10005.0;0.0;17000
-2;17100;ASH_COATED_OSMIUM;9998.0;14.0;;;;;10014.0;14.0;10017.0;25.0;;;10006.0;0.0;17100
-2;17200;ASH_COATED_OSMIUM;9998.0;14.0;9996.0;30.0;;;10017.0;30.0;;;;;10007.5;0.0;17200
-2;17300;ASH_COATED_OSMIUM;9998.0;12.0;9996.0;24.0;;;10017.0;24.0;;;;;10007.5;0.0;17300
-2;17400;ASH_COATED_OSMIUM;9998.0;10.0;9995.0;26.0;;;10014.0;10.0;10017.0;26.0;;;10006.0;0.0;17400
-2;17500;ASH_COATED_OSMIUM;9998.0;11.0;;;;;10014.0;11.0;10016.0;21.0;;;10006.0;0.0;17500
-2;17600;ASH_COATED_OSMIUM;;;;;;;10014.0;15.0;10017.0;29.0;;;10014.0;0.0;17600
-2;17700;ASH_COATED_OSMIUM;9998.0;10.0;9996.0;26.0;;;10017.0;26.0;;;;;10007.5;0.0;17700
-2;17800;ASH_COATED_OSMIUM;9998.0;13.0;9996.0;29.0;;;10014.0;13.0;10017.0;29.0;;;10006.0;0.0;17800
-2;17900;ASH_COATED_OSMIUM;;;;;;;10014.0;14.0;10017.0;20.0;;;10014.0;0.0;17900
-2;18000;ASH_COATED_OSMIUM;9998.0;12.0;9996.0;29.0;;;10014.0;12.0;10017.0;29.0;;;10006.0;0.0;18000
-2;18100;ASH_COATED_OSMIUM;9998.0;11.0;9996.0;26.0;;;;;;;;;9998.0;0.0;18100
-2;18200;ASH_COATED_OSMIUM;9999.0;15.0;9996.0;28.0;;;10015.0;15.0;;;;;10007.0;0.0;18200
-2;18300;ASH_COATED_OSMIUM;9999.0;14.0;9997.0;27.0;;;10018.0;27.0;;;;;10008.5;0.0;18300
-2;18400;ASH_COATED_OSMIUM;9999.0;11.0;9997.0;20.0;;;10018.0;20.0;;;;;10008.5;0.0;18400
-2;18500;ASH_COATED_OSMIUM;9999.0;15.0;9997.0;26.0;;;10015.0;15.0;10018.0;26.0;;;10007.0;0.0;18500
-2;18600;ASH_COATED_OSMIUM;9999.0;14.0;9997.0;30.0;;;10015.0;14.0;10018.0;30.0;;;10007.0;0.0;18600
-2;18700;ASH_COATED_OSMIUM;9999.0;11.0;9997.0;30.0;;;10015.0;11.0;10018.0;30.0;;;10007.0;0.0;18700
-2;18800;ASH_COATED_OSMIUM;9999.0;13.0;9996.0;24.0;;;10017.0;24.0;;;;;10008.0;0.0;18800
-2;18900;ASH_COATED_OSMIUM;9999.0;10.0;9996.0;23.0;;;10015.0;10.0;10017.0;23.0;;;10007.0;0.0;18900
-2;19000;ASH_COATED_OSMIUM;9999.0;11.0;9996.0;23.0;;;10015.0;11.0;10017.0;23.0;;;10007.0;0.0;19000
-2;19100;ASH_COATED_OSMIUM;;;;;;;10015.0;11.0;10017.0;23.0;;;10015.0;0.0;19100
-2;19200;ASH_COATED_OSMIUM;9999.0;14.0;;;;;10015.0;14.0;10017.0;24.0;;;10007.0;0.0;19200
-2;19300;ASH_COATED_OSMIUM;9999.0;10.0;9997.0;29.0;;;10015.0;10.0;10018.0;29.0;;;10007.0;0.0;19300
-2;19400;ASH_COATED_OSMIUM;10000.0;13.0;9997.0;22.0;;;10016.0;13.0;10018.0;22.0;;;10008.0;0.0;19400
-2;19500;ASH_COATED_OSMIUM;;;;;;;10016.0;14.0;10019.0;29.0;;;10016.0;0.0;19500
-2;19600;ASH_COATED_OSMIUM;9997.0;21.0;;;;;10016.0;10.0;10018.0;21.0;;;10006.5;0.0;19600
-2;19700;ASH_COATED_OSMIUM;9999.0;15.0;9996.0;25.0;;;10015.0;15.0;;;;;10007.0;0.0;19700
-2;19800;ASH_COATED_OSMIUM;9998.0;15.0;9995.0;23.0;;;10014.0;15.0;10016.0;23.0;;;10006.0;0.0;19800
-2;19900;ASH_COATED_OSMIUM;9997.0;12.0;9995.0;24.0;;;10016.0;24.0;;;;;10006.5;0.0;19900
-2;20000;ASH_COATED_OSMIUM;9995.0;28.0;;;;;10013.0;15.0;;;;;10004.0;0.0;20000
-2;20100;ASH_COATED_OSMIUM;9998.0;15.0;;;;;10014.0;15.0;10017.0;30.0;;;10006.0;0.0;20100
-2;20200;ASH_COATED_OSMIUM;9998.0;12.0;9995.0;27.0;;;10014.0;12.0;10016.0;27.0;;;10006.0;0.0;20200
-2;20300;ASH_COATED_OSMIUM;9998.0;13.0;9995.0;24.0;;;10014.0;13.0;;;;;10006.0;0.0;20300
-2;20400;ASH_COATED_OSMIUM;9998.0;12.0;9995.0;25.0;;;10016.0;25.0;;;;;10007.0;0.0;20400
-2;20500;ASH_COATED_OSMIUM;9998.0;10.0;9995.0;24.0;;;10014.0;10.0;;;;;10006.0;0.0;20500
-2;20600;ASH_COATED_OSMIUM;9998.0;10.0;;;;;10014.0;10.0;;;;;10006.0;0.0;20600
-2;20700;ASH_COATED_OSMIUM;9998.0;15.0;9996.0;22.0;;;10014.0;15.0;10017.0;22.0;;;10006.0;0.0;20700
-2;20800;ASH_COATED_OSMIUM;9998.0;13.0;;;;;10014.0;13.0;10017.0;21.0;;;10006.0;0.0;20800
-2;20900;ASH_COATED_OSMIUM;9998.0;13.0;9996.0;28.0;;;10014.0;13.0;10017.0;28.0;;;10006.0;0.0;20900
-2;21000;ASH_COATED_OSMIUM;9998.0;12.0;9996.0;28.0;;;10014.0;12.0;10017.0;28.0;;;10006.0;0.0;21000
-2;21100;ASH_COATED_OSMIUM;9999.0;15.0;9996.0;22.0;;;10015.0;15.0;10017.0;22.0;;;10007.0;0.0;21100
-2;21200;ASH_COATED_OSMIUM;9997.0;27.0;;;;;10015.0;14.0;10018.0;27.0;;;10006.0;0.0;21200
-2;21300;ASH_COATED_OSMIUM;10000.0;15.0;;;;;10016.0;15.0;10018.0;27.0;;;10008.0;0.0;21300
-2;21400;ASH_COATED_OSMIUM;9996.0;21.0;;;;;10008.0;2.0;10017.0;21.0;;;10002.0;0.0;21400
-2;21500;ASH_COATED_OSMIUM;9999.0;15.0;;;;;10015.0;15.0;;;;;10007.0;0.0;21500
-2;21600;ASH_COATED_OSMIUM;9996.0;23.0;;;;;10015.0;10.0;10017.0;23.0;;;10005.5;0.0;21600
-2;21700;ASH_COATED_OSMIUM;9999.0;13.0;9996.0;22.0;;;;;;;;;9999.0;0.0;21700
-2;21800;ASH_COATED_OSMIUM;9999.0;11.0;9996.0;25.0;;;10004.0;8.0;10015.0;11.0;;;10001.5;0.0;21800
-2;21900;ASH_COATED_OSMIUM;9999.0;12.0;9996.0;21.0;;;10015.0;12.0;10017.0;21.0;;;10007.0;0.0;21900
-2;22000;ASH_COATED_OSMIUM;9998.0;12.0;9996.0;24.0;;;10014.0;12.0;10017.0;24.0;;;10006.0;0.0;22000
-2;22100;ASH_COATED_OSMIUM;9998.0;14.0;9996.0;25.0;;;10014.0;14.0;10017.0;25.0;;;10006.0;0.0;22100
-2;22200;ASH_COATED_OSMIUM;9998.0;15.0;9995.0;25.0;;;10014.0;15.0;10016.0;25.0;;;10006.0;0.0;22200
-2;22300;ASH_COATED_OSMIUM;9995.0;27.0;;;;;10014.0;15.0;10016.0;27.0;;;10004.5;0.0;22300
-2;22400;ASH_COATED_OSMIUM;9996.0;28.0;;;;;10014.0;11.0;10017.0;28.0;;;10005.0;0.0;22400
-2;22500;ASH_COATED_OSMIUM;9999.0;14.0;;;;;10015.0;14.0;10017.0;29.0;;;10007.0;0.0;22500
-2;22600;ASH_COATED_OSMIUM;9999.0;13.0;;;;;10015.0;13.0;10018.0;22.0;;;10007.0;0.0;22600
-2;22700;ASH_COATED_OSMIUM;9999.0;13.0;9996.0;27.0;;;10015.0;13.0;10017.0;27.0;;;10007.0;0.0;22700
-2;22800;ASH_COATED_OSMIUM;9998.0;10.0;9996.0;20.0;;;;;;;;;9998.0;0.0;22800
-2;22900;ASH_COATED_OSMIUM;9998.0;13.0;;;;;10014.0;13.0;10017.0;21.0;;;10006.0;0.0;22900
-2;23000;ASH_COATED_OSMIUM;10004.0;5.0;9998.0;13.0;;;10014.0;13.0;10017.0;24.0;;;10009.0;0.0;23000
-2;23100;ASH_COATED_OSMIUM;9995.0;21.0;;;;;;;;;;;9995.0;0.0;23100
-2;23200;ASH_COATED_OSMIUM;9998.0;13.0;9995.0;28.0;;;10014.0;13.0;10016.0;28.0;;;10006.0;0.0;23200
-2;23300;ASH_COATED_OSMIUM;9998.0;15.0;9995.0;20.0;;;;;;;;;9998.0;0.0;23300
-2;23400;ASH_COATED_OSMIUM;9998.0;10.0;9995.0;21.0;;;10014.0;10.0;10016.0;21.0;;;10006.0;0.0;23400
-2;23500;ASH_COATED_OSMIUM;9998.0;14.0;;;;;10014.0;14.0;10016.0;22.0;;;10006.0;0.0;23500
-2;23600;ASH_COATED_OSMIUM;9995.0;22.0;;;;;10014.0;14.0;10016.0;22.0;;;10004.5;0.0;23600
-2;23700;ASH_COATED_OSMIUM;9997.0;14.0;9995.0;26.0;;;10013.0;14.0;10016.0;26.0;;;10005.0;0.0;23700
-2;23800;ASH_COATED_OSMIUM;9997.0;12.0;9995.0;27.0;;;10003.0;7.0;10013.0;12.0;10016.0;27.0;10000.0;0.0;23800
-2;23900;ASH_COATED_OSMIUM;9997.0;14.0;9994.0;23.0;;;10013.0;14.0;10015.0;23.0;;;10005.0;0.0;23900
-2;24000;ASH_COATED_OSMIUM;9997.0;14.0;9994.0;24.0;;;10013.0;14.0;10015.0;24.0;;;10005.0;0.0;24000
-2;24100;ASH_COATED_OSMIUM;9997.0;13.0;9994.0;29.0;;;10013.0;13.0;10015.0;29.0;;;10005.0;0.0;24100
-2;24200;ASH_COATED_OSMIUM;9994.0;30.0;;;;;10013.0;12.0;;;;;10003.5;0.0;24200
-2;24300;ASH_COATED_OSMIUM;9997.0;15.0;9994.0;29.0;;;10013.0;15.0;10015.0;29.0;;;10005.0;0.0;24300
-2;24400;ASH_COATED_OSMIUM;9996.0;14.0;9994.0;28.0;;;10012.0;14.0;10015.0;28.0;;;10004.0;0.0;24400
-2;24500;ASH_COATED_OSMIUM;9996.0;15.0;9994.0;20.0;;;10012.0;15.0;10015.0;20.0;;;10004.0;0.0;24500
-2;24600;ASH_COATED_OSMIUM;9996.0;10.0;9994.0;28.0;;;10012.0;10.0;10015.0;28.0;;;10004.0;0.0;24600
-2;24700;ASH_COATED_OSMIUM;9997.0;10.0;9994.0;27.0;;;10013.0;10.0;;;;;10005.0;0.0;24700
-2;24800;ASH_COATED_OSMIUM;9997.0;14.0;9994.0;21.0;;;10013.0;14.0;10015.0;21.0;;;10005.0;0.0;24800
-2;24900;ASH_COATED_OSMIUM;10006.0;4.0;9997.0;11.0;;;10013.0;11.0;10015.0;26.0;;;10009.5;0.0;24900
-2;25000;ASH_COATED_OSMIUM;9997.0;15.0;;;;;10013.0;15.0;10015.0;22.0;;;10005.0;0.0;25000
-2;25100;ASH_COATED_OSMIUM;9997.0;14.0;9994.0;24.0;;;10015.0;24.0;;;;;10006.0;0.0;25100
-2;25200;ASH_COATED_OSMIUM;9997.0;13.0;;;;;10013.0;13.0;10015.0;25.0;;;10005.0;0.0;25200
-2;25300;ASH_COATED_OSMIUM;9996.0;14.0;9994.0;23.0;;;10015.0;23.0;;;;;10005.5;0.0;25300
-2;25400;ASH_COATED_OSMIUM;9996.0;10.0;9994.0;22.0;;;10012.0;10.0;10015.0;22.0;;;10004.0;0.0;25400
-2;25500;ASH_COATED_OSMIUM;9996.0;15.0;9994.0;29.0;;;10012.0;15.0;10015.0;29.0;;;10004.0;0.0;25500
-2;25600;ASH_COATED_OSMIUM;9997.0;15.0;9994.0;29.0;;;10013.0;15.0;10015.0;29.0;;;10005.0;0.0;25600
-2;25700;ASH_COATED_OSMIUM;9997.0;13.0;;;;;10013.0;13.0;10015.0;28.0;;;10005.0;0.0;25700
-2;25800;ASH_COATED_OSMIUM;9997.0;11.0;9994.0;23.0;;;10013.0;11.0;10015.0;23.0;;;10005.0;0.0;25800
-2;25900;ASH_COATED_OSMIUM;9997.0;11.0;9994.0;24.0;;;10013.0;11.0;;;;;10005.0;0.0;25900
-2;26000;ASH_COATED_OSMIUM;;;;;;;10012.0;11.0;10015.0;24.0;;;10012.0;0.0;26000
-2;26100;ASH_COATED_OSMIUM;9996.0;12.0;9994.0;21.0;;;10012.0;12.0;10015.0;21.0;;;10004.0;0.0;26100
-2;26200;ASH_COATED_OSMIUM;9996.0;12.0;9993.0;30.0;;;10012.0;12.0;10014.0;30.0;;;10004.0;0.0;26200
-2;26300;ASH_COATED_OSMIUM;9996.0;13.0;9993.0;28.0;;;10012.0;13.0;10014.0;28.0;;;10004.0;0.0;26300
-2;26400;ASH_COATED_OSMIUM;9996.0;14.0;;;;;10012.0;14.0;10015.0;24.0;;;10004.0;0.0;26400
-2;26500;ASH_COATED_OSMIUM;9996.0;13.0;9993.0;25.0;;;10012.0;13.0;10014.0;25.0;;;10004.0;0.0;26500
-2;26600;ASH_COATED_OSMIUM;9996.0;15.0;9994.0;22.0;;;10012.0;15.0;;;;;10004.0;0.0;26600
-2;26700;ASH_COATED_OSMIUM;9994.0;22.0;;;;;10012.0;11.0;10015.0;22.0;;;10003.0;0.0;26700
-2;26800;ASH_COATED_OSMIUM;9996.0;12.0;9994.0;22.0;;;10012.0;12.0;10015.0;22.0;;;10004.0;0.0;26800
-2;26900;ASH_COATED_OSMIUM;9996.0;14.0;9993.0;26.0;;;;;;;;;9996.0;0.0;26900
-2;27000;ASH_COATED_OSMIUM;9996.0;10.0;9993.0;21.0;;;10012.0;10.0;10014.0;21.0;;;10004.0;0.0;27000
-2;27100;ASH_COATED_OSMIUM;;;;;;;10015.0;30.0;;;;;10015.0;0.0;27100
-2;27200;ASH_COATED_OSMIUM;9994.0;28.0;;;;;10015.0;28.0;;;;;10004.5;0.0;27200
-2;27300;ASH_COATED_OSMIUM;9996.0;15.0;9994.0;30.0;;;10012.0;15.0;10015.0;30.0;;;10004.0;0.0;27300
-2;27400;ASH_COATED_OSMIUM;9994.0;23.0;;;;;10012.0;15.0;10015.0;23.0;;;10003.0;0.0;27400
-2;27500;ASH_COATED_OSMIUM;9996.0;12.0;9993.0;26.0;;;10012.0;12.0;10014.0;26.0;;;10004.0;0.0;27500
-2;27600;ASH_COATED_OSMIUM;9996.0;15.0;9993.0;29.0;;;10012.0;15.0;10014.0;29.0;;;10004.0;0.0;27600
-2;27700;ASH_COATED_OSMIUM;9996.0;13.0;9993.0;27.0;;;10012.0;13.0;10014.0;27.0;;;10004.0;0.0;27700
-2;27800;ASH_COATED_OSMIUM;9995.0;13.0;;;;;10011.0;13.0;10014.0;23.0;;;10003.0;0.0;27800
-2;27900;ASH_COATED_OSMIUM;9995.0;12.0;9992.0;22.0;;;10011.0;12.0;10013.0;22.0;;;10003.0;0.0;27900
-2;28000;ASH_COATED_OSMIUM;9995.0;10.0;9992.0;29.0;;;10013.0;29.0;;;;;10004.0;0.0;28000
-2;28100;ASH_COATED_OSMIUM;9995.0;15.0;;;;;;;;;;;9995.0;0.0;28100
-2;28200;ASH_COATED_OSMIUM;9996.0;12.0;9993.0;23.0;;;;;;;;;9996.0;0.0;28200
-2;28300;ASH_COATED_OSMIUM;9995.0;14.0;9993.0;27.0;;;10011.0;14.0;10014.0;27.0;;;10003.0;0.0;28300
-2;28400;ASH_COATED_OSMIUM;10001.0;2.0;9995.0;11.0;9993.0;23.0;10011.0;11.0;10014.0;23.0;;;10006.0;0.0;28400
-2;28500;ASH_COATED_OSMIUM;9995.0;15.0;9993.0;25.0;;;10014.0;25.0;;;;;10004.5;0.0;28500
-2;28600;ASH_COATED_OSMIUM;;;;;;;10011.0;10.0;10013.0;24.0;;;10011.0;0.0;28600
-2;28700;ASH_COATED_OSMIUM;10000.0;4.0;9995.0;10.0;;;10011.0;10.0;10013.0;30.0;;;10005.5;0.0;28700
-2;28800;ASH_COATED_OSMIUM;9995.0;12.0;9993.0;27.0;;;10011.0;12.0;10014.0;27.0;;;10003.0;0.0;28800
-2;28900;ASH_COATED_OSMIUM;9995.0;10.0;9993.0;22.0;;;10011.0;10.0;10014.0;22.0;;;10003.0;0.0;28900
-2;29000;ASH_COATED_OSMIUM;9995.0;12.0;9992.0;24.0;;;;;;;;;9995.0;0.0;29000
-2;29100;ASH_COATED_OSMIUM;9992.0;21.0;;;;;10013.0;21.0;;;;;10002.5;0.0;29100
-2;29200;ASH_COATED_OSMIUM;9995.0;10.0;9992.0;30.0;;;10011.0;10.0;10013.0;30.0;;;10003.0;0.0;29200
-2;29300;ASH_COATED_OSMIUM;9992.0;23.0;;;;;10013.0;23.0;;;;;10002.5;0.0;29300
-2;29400;ASH_COATED_OSMIUM;9995.0;12.0;;;;;10011.0;12.0;;;;;10003.0;0.0;29400
-2;29500;ASH_COATED_OSMIUM;9995.0;14.0;;;;;;;;;;;9995.0;0.0;29500
-2;29600;ASH_COATED_OSMIUM;9995.0;12.0;;;;;10011.0;12.0;10013.0;22.0;;;10003.0;0.0;29600
-2;29700;ASH_COATED_OSMIUM;9995.0;13.0;9992.0;29.0;;;;;;;;;9995.0;0.0;29700
-2;29800;ASH_COATED_OSMIUM;9992.0;20.0;;;;;10010.0;13.0;10013.0;20.0;;;10001.0;0.0;29800
-2;29900;ASH_COATED_OSMIUM;9995.0;15.0;;;;;10013.0;27.0;;;;;10004.0;0.0;29900
-2;30000;ASH_COATED_OSMIUM;9995.0;11.0;;;;;10011.0;11.0;10014.0;27.0;;;10003.0;0.0;30000
-2;30100;ASH_COATED_OSMIUM;9995.0;10.0;;;;;10011.0;10.0;10014.0;21.0;;;10003.0;0.0;30100
-2;30200;ASH_COATED_OSMIUM;9996.0;12.0;;;;;10012.0;12.0;10014.0;27.0;;;10004.0;0.0;30200
-2;30300;ASH_COATED_OSMIUM;9995.0;11.0;9993.0;28.0;;;10011.0;11.0;10014.0;28.0;;;10003.0;0.0;30300
-2;30400;ASH_COATED_OSMIUM;9995.0;15.0;;;;;10011.0;15.0;10014.0;29.0;;;10003.0;0.0;30400
-2;30500;ASH_COATED_OSMIUM;9995.0;10.0;;;;;10011.0;10.0;10014.0;20.0;;;10003.0;0.0;30500
-2;30600;ASH_COATED_OSMIUM;9995.0;12.0;9993.0;29.0;;;10011.0;12.0;10014.0;29.0;;;10003.0;0.0;30600
-2;30700;ASH_COATED_OSMIUM;9996.0;11.0;;;;;10012.0;11.0;10014.0;24.0;;;10004.0;0.0;30700
-2;30800;ASH_COATED_OSMIUM;9995.0;14.0;;;;;10011.0;14.0;10014.0;29.0;;;10003.0;0.0;30800
-2;30900;ASH_COATED_OSMIUM;9995.0;14.0;9993.0;29.0;;;10011.0;14.0;10014.0;29.0;;;10003.0;0.0;30900
-2;31000;ASH_COATED_OSMIUM;;;;;;;10014.0;28.0;;;;;10014.0;0.0;31000
-2;31100;ASH_COATED_OSMIUM;;;;;;;10011.0;15.0;10014.0;25.0;;;10011.0;0.0;31100
-2;31200;ASH_COATED_OSMIUM;9995.0;11.0;9992.0;24.0;;;10013.0;24.0;;;;;10004.0;0.0;31200
-2;31300;ASH_COATED_OSMIUM;9995.0;13.0;9992.0;22.0;;;10011.0;13.0;10013.0;22.0;;;10003.0;0.0;31300
-2;31400;ASH_COATED_OSMIUM;9995.0;10.0;9993.0;24.0;;;10011.0;10.0;;;;;10003.0;0.0;31400
-2;31500;ASH_COATED_OSMIUM;9996.0;13.0;;;;;10012.0;13.0;10014.0;30.0;;;10004.0;0.0;31500
-2;31600;ASH_COATED_OSMIUM;9996.0;14.0;9993.0;22.0;;;10014.0;22.0;;;;;10005.0;0.0;31600
-2;31700;ASH_COATED_OSMIUM;9995.0;14.0;9993.0;25.0;;;10011.0;14.0;10014.0;25.0;;;10003.0;0.0;31700
-2;31800;ASH_COATED_OSMIUM;9995.0;12.0;9993.0;23.0;;;10011.0;12.0;10014.0;23.0;;;10003.0;0.0;31800
-2;31900;ASH_COATED_OSMIUM;9996.0;14.0;9993.0;29.0;;;10012.0;14.0;10014.0;29.0;;;10004.0;0.0;31900
-2;32000;ASH_COATED_OSMIUM;9995.0;10.0;9993.0;22.0;;;10011.0;10.0;10014.0;22.0;;;10003.0;0.0;32000
-2;32100;ASH_COATED_OSMIUM;10005.0;10.0;9993.0;22.0;;;10011.0;11.0;10014.0;22.0;;;10008.0;0.0;32100
-2;32200;ASH_COATED_OSMIUM;9996.0;10.0;9993.0;30.0;;;10012.0;10.0;10014.0;30.0;;;10004.0;0.0;32200
-2;32300;ASH_COATED_OSMIUM;9996.0;14.0;9993.0;20.0;;;10012.0;14.0;10014.0;20.0;;;10004.0;0.0;32300
-2;32400;ASH_COATED_OSMIUM;10005.0;10.0;9996.0;10.0;9993.0;30.0;10012.0;10.0;;;;;10008.5;0.0;32400
-2;32500;ASH_COATED_OSMIUM;9996.0;13.0;9993.0;20.0;;;10012.0;13.0;10014.0;20.0;;;10004.0;0.0;32500
-2;32600;ASH_COATED_OSMIUM;9996.0;15.0;9994.0;21.0;;;10015.0;21.0;;;;;10005.5;0.0;32600
-2;32700;ASH_COATED_OSMIUM;9997.0;10.0;;;;;;;;;;;9997.0;0.0;32700
-2;32800;ASH_COATED_OSMIUM;9997.0;14.0;9994.0;24.0;;;10013.0;14.0;10015.0;24.0;;;10005.0;0.0;32800
-2;32900;ASH_COATED_OSMIUM;9994.0;30.0;;;;;10015.0;30.0;;;;;10004.5;0.0;32900
-2;33000;ASH_COATED_OSMIUM;9997.0;13.0;;;;;10013.0;13.0;10015.0;26.0;;;10005.0;0.0;33000
-2;33100;ASH_COATED_OSMIUM;9995.0;27.0;;;;;10016.0;27.0;;;;;10005.5;0.0;33100
-2;33200;ASH_COATED_OSMIUM;9997.0;13.0;9995.0;20.0;;;10013.0;13.0;10016.0;20.0;;;10005.0;0.0;33200
-2;33300;ASH_COATED_OSMIUM;10003.0;2.0;9995.0;24.0;;;10013.0;10.0;10016.0;24.0;;;10008.0;0.0;33300
-2;33400;ASH_COATED_OSMIUM;10003.0;2.0;9997.0;13.0;9995.0;28.0;10013.0;13.0;10016.0;28.0;;;10008.0;0.0;33400
-2;33500;ASH_COATED_OSMIUM;9994.0;26.0;;;;;10013.0;15.0;;;;;10003.5;0.0;33500
-2;33600;ASH_COATED_OSMIUM;9996.0;11.0;;;;;10012.0;11.0;10015.0;26.0;;;10004.0;0.0;33600
-2;33700;ASH_COATED_OSMIUM;9996.0;13.0;;;;;10012.0;13.0;;;;;10004.0;0.0;33700
-2;33800;ASH_COATED_OSMIUM;;;;;;;;;;;;;0.0;0.0;33800
-2;33900;ASH_COATED_OSMIUM;9997.0;15.0;9994.0;21.0;;;10013.0;15.0;10015.0;21.0;;;10005.0;0.0;33900
-2;34000;ASH_COATED_OSMIUM;9996.0;15.0;9994.0;26.0;;;10012.0;15.0;10015.0;26.0;;;10004.0;0.0;34000
-2;34100;ASH_COATED_OSMIUM;9996.0;10.0;9994.0;23.0;;;10012.0;10.0;10015.0;23.0;;;10004.0;0.0;34100
-2;34200;ASH_COATED_OSMIUM;9994.0;21.0;;;;;10012.0;10.0;10015.0;21.0;;;10003.0;0.0;34200
-2;34300;ASH_COATED_OSMIUM;9996.0;11.0;;;;;10012.0;11.0;10015.0;27.0;;;10004.0;0.0;34300
-2;34400;ASH_COATED_OSMIUM;9996.0;15.0;9994.0;29.0;;;10012.0;15.0;;;;;10004.0;0.0;34400
-2;34500;ASH_COATED_OSMIUM;9996.0;14.0;9994.0;23.0;;;10015.0;23.0;;;;;10005.5;0.0;34500
-2;34600;ASH_COATED_OSMIUM;9997.0;10.0;9994.0;28.0;;;10013.0;10.0;;;;;10005.0;0.0;34600
-2;34700;ASH_COATED_OSMIUM;9996.0;15.0;9994.0;29.0;;;10015.0;29.0;;;;;10005.5;0.0;34700
-2;34800;ASH_COATED_OSMIUM;9994.0;23.0;;;;;10012.0;13.0;10015.0;23.0;;;10003.0;0.0;34800
-2;34900;ASH_COATED_OSMIUM;9994.0;26.0;;;;;10015.0;26.0;;;;;10004.5;0.0;34900
-2;35000;ASH_COATED_OSMIUM;9997.0;12.0;9995.0;21.0;;;10013.0;12.0;10016.0;21.0;;;10005.0;0.0;35000
-2;35100;ASH_COATED_OSMIUM;9997.0;10.0;9995.0;22.0;;;10013.0;10.0;10016.0;22.0;;;10005.0;0.0;35100
-2;35200;ASH_COATED_OSMIUM;9997.0;13.0;;;;;10013.0;13.0;10015.0;26.0;;;10005.0;0.0;35200
-2;35300;ASH_COATED_OSMIUM;9997.0;15.0;9995.0;21.0;;;10013.0;15.0;10016.0;21.0;;;10005.0;0.0;35300
-2;35400;ASH_COATED_OSMIUM;9997.0;10.0;9995.0;22.0;;;10013.0;10.0;10016.0;22.0;;;10005.0;0.0;35400
-2;35500;ASH_COATED_OSMIUM;9994.0;22.0;;;;;;;;;;;9994.0;0.0;35500
-2;35600;ASH_COATED_OSMIUM;9997.0;10.0;;;;;10006.0;3.0;10013.0;10.0;10015.0;27.0;10001.5;0.0;35600
-2;35700;ASH_COATED_OSMIUM;9997.0;15.0;9995.0;24.0;;;10013.0;15.0;10016.0;24.0;;;10005.0;0.0;35700
-2;35800;ASH_COATED_OSMIUM;9994.0;26.0;;;;;10013.0;10.0;10015.0;26.0;;;10003.5;0.0;35800
-2;35900;ASH_COATED_OSMIUM;9997.0;11.0;;;;;10013.0;11.0;10015.0;22.0;;;10005.0;0.0;35900
-2;36000;ASH_COATED_OSMIUM;10006.0;10.0;;;;;10013.0;12.0;10015.0;28.0;;;10009.5;0.0;36000
-2;36100;ASH_COATED_OSMIUM;9997.0;15.0;;;;;10013.0;15.0;10015.0;29.0;;;10005.0;0.0;36100
-2;36200;ASH_COATED_OSMIUM;9997.0;15.0;9994.0;28.0;;;10016.0;28.0;;;;;10006.5;0.0;36200
-2;36300;ASH_COATED_OSMIUM;9997.0;10.0;;;;;10013.0;10.0;10015.0;25.0;;;10005.0;0.0;36300
-2;36400;ASH_COATED_OSMIUM;9994.0;30.0;;;;;10013.0;12.0;;;;;10003.5;0.0;36400
-2;36500;ASH_COATED_OSMIUM;9994.0;24.0;;;;;10013.0;12.0;;;;;10003.5;0.0;36500
-2;36600;ASH_COATED_OSMIUM;9997.0;15.0;9994.0;29.0;;;10015.0;29.0;;;;;10006.0;0.0;36600
-2;36700;ASH_COATED_OSMIUM;9996.0;14.0;9994.0;30.0;;;10012.0;14.0;10015.0;30.0;;;10004.0;0.0;36700
-2;36800;ASH_COATED_OSMIUM;9994.0;22.0;;;;;10012.0;14.0;10015.0;22.0;;;10003.0;0.0;36800
-2;36900;ASH_COATED_OSMIUM;9996.0;15.0;9994.0;22.0;;;10012.0;15.0;10015.0;22.0;;;10004.0;0.0;36900
-2;37000;ASH_COATED_OSMIUM;9996.0;12.0;9994.0;26.0;;;10012.0;12.0;10015.0;26.0;;;10004.0;0.0;37000
-2;37100;ASH_COATED_OSMIUM;9994.0;20.0;;;;;10012.0;14.0;10015.0;20.0;;;10003.0;0.0;37100
-2;37200;ASH_COATED_OSMIUM;9996.0;15.0;9994.0;27.0;;;10012.0;15.0;;;;;10004.0;0.0;37200
-2;37300;ASH_COATED_OSMIUM;9996.0;12.0;9994.0;21.0;;;10012.0;12.0;10015.0;21.0;;;10004.0;0.0;37300
-2;37400;ASH_COATED_OSMIUM;10002.0;5.0;9997.0;15.0;9994.0;30.0;10013.0;15.0;10015.0;30.0;;;10007.5;0.0;37400
-2;37500;ASH_COATED_OSMIUM;9997.0;10.0;;;;;10013.0;10.0;10015.0;22.0;;;10005.0;0.0;37500
-2;37600;ASH_COATED_OSMIUM;9997.0;13.0;9995.0;22.0;;;10013.0;13.0;10016.0;22.0;;;10005.0;0.0;37600
-2;37700;ASH_COATED_OSMIUM;9997.0;10.0;9995.0;20.0;;;10013.0;10.0;;;;;10005.0;0.0;37700
-2;37800;ASH_COATED_OSMIUM;9998.0;13.0;9995.0;20.0;;;10014.0;13.0;10016.0;20.0;;;10006.0;0.0;37800
-2;37900;ASH_COATED_OSMIUM;9998.0;14.0;9995.0;24.0;;;;;;;;;9998.0;0.0;37900
-2;38000;ASH_COATED_OSMIUM;9997.0;14.0;9995.0;25.0;;;10016.0;25.0;;;;;10006.5;0.0;38000
-2;38100;ASH_COATED_OSMIUM;9997.0;15.0;9995.0;26.0;;;10013.0;15.0;;;;;10005.0;0.0;38100
-2;38200;ASH_COATED_OSMIUM;;;;;;;10013.0;12.0;10016.0;20.0;;;10013.0;0.0;38200
-2;38300;ASH_COATED_OSMIUM;9996.0;13.0;9994.0;20.0;;;10006.0;5.0;10012.0;13.0;10015.0;20.0;10001.0;0.0;38300
-2;38400;ASH_COATED_OSMIUM;9996.0;13.0;9993.0;24.0;;;10012.0;13.0;10014.0;24.0;;;10004.0;0.0;38400
-2;38500;ASH_COATED_OSMIUM;9996.0;15.0;9993.0;21.0;;;10012.0;15.0;10014.0;21.0;;;10004.0;0.0;38500
-2;38600;ASH_COATED_OSMIUM;9996.0;14.0;9994.0;27.0;;;;;;;;;9996.0;0.0;38600
-2;38700;ASH_COATED_OSMIUM;9997.0;11.0;;;;;10015.0;30.0;;;;;10006.0;0.0;38700
-2;38800;ASH_COATED_OSMIUM;9997.0;15.0;9994.0;22.0;;;10015.0;22.0;;;;;10006.0;0.0;38800
-2;38900;ASH_COATED_OSMIUM;9994.0;21.0;;;;;10015.0;21.0;;;;;10004.5;0.0;38900
-2;39000;ASH_COATED_OSMIUM;9996.0;12.0;9994.0;28.0;;;10012.0;12.0;10015.0;28.0;;;10004.0;0.0;39000
-2;39100;ASH_COATED_OSMIUM;9996.0;13.0;9994.0;25.0;;;10012.0;13.0;10015.0;25.0;;;10004.0;0.0;39100
-2;39200;ASH_COATED_OSMIUM;;;;;;;10012.0;10.0;10014.0;20.0;;;10012.0;0.0;39200
-2;39300;ASH_COATED_OSMIUM;;;;;;;10012.0;15.0;;;;;10012.0;0.0;39300
-2;39400;ASH_COATED_OSMIUM;9996.0;11.0;9994.0;24.0;;;10012.0;11.0;10015.0;24.0;;;10004.0;0.0;39400
-2;39500;ASH_COATED_OSMIUM;9997.0;13.0;9994.0;29.0;;;10013.0;13.0;10015.0;29.0;;;10005.0;0.0;39500
-2;39600;ASH_COATED_OSMIUM;10002.0;5.0;9997.0;15.0;;;10013.0;15.0;;;;;10007.5;0.0;39600
-2;39700;ASH_COATED_OSMIUM;9997.0;11.0;9995.0;21.0;;;10013.0;11.0;10016.0;21.0;;;10005.0;0.0;39700
-2;39800;ASH_COATED_OSMIUM;9995.0;24.0;;;;;10013.0;14.0;;;;;10004.0;0.0;39800
-2;39900;ASH_COATED_OSMIUM;9997.0;12.0;9995.0;23.0;;;10013.0;12.0;;;;;10005.0;0.0;39900
-2;40000;ASH_COATED_OSMIUM;9997.0;12.0;9995.0;27.0;;;10013.0;12.0;10016.0;27.0;;;10005.0;0.0;40000
-2;40100;ASH_COATED_OSMIUM;9997.0;11.0;9995.0;26.0;;;10013.0;11.0;10016.0;26.0;;;10005.0;0.0;40100
-2;40200;ASH_COATED_OSMIUM;9998.0;12.0;9995.0;27.0;;;10014.0;12.0;10016.0;27.0;;;10006.0;0.0;40200
-2;40300;ASH_COATED_OSMIUM;10003.0;3.0;9997.0;11.0;9995.0;28.0;10013.0;11.0;10016.0;28.0;;;10008.0;0.0;40300
-2;40400;ASH_COATED_OSMIUM;9997.0;10.0;9994.0;30.0;;;10013.0;10.0;10015.0;30.0;;;10005.0;0.0;40400
-2;40500;ASH_COATED_OSMIUM;9997.0;14.0;9994.0;29.0;;;10013.0;14.0;;;;;10005.0;0.0;40500
-2;40600;ASH_COATED_OSMIUM;9997.0;15.0;;;;;10015.0;29.0;;;;;10006.0;0.0;40600
-2;40700;ASH_COATED_OSMIUM;9996.0;13.0;9994.0;24.0;;;10012.0;13.0;10015.0;24.0;;;10004.0;0.0;40700
-2;40800;ASH_COATED_OSMIUM;9996.0;10.0;9993.0;24.0;;;10012.0;10.0;10014.0;24.0;;;10004.0;0.0;40800
-2;40900;ASH_COATED_OSMIUM;9996.0;14.0;;;;;10013.0;14.0;10015.0;23.0;;;10004.5;0.0;40900
-2;41000;ASH_COATED_OSMIUM;9997.0;13.0;9994.0;24.0;;;10002.0;6.0;10013.0;13.0;10015.0;24.0;9999.5;0.0;41000
-2;41100;ASH_COATED_OSMIUM;10002.0;4.0;9996.0;14.0;9994.0;26.0;10012.0;14.0;10015.0;26.0;;;10007.0;0.0;41100
-2;41200;ASH_COATED_OSMIUM;9996.0;12.0;;;;;10002.0;10.0;10012.0;12.0;10015.0;25.0;9999.0;0.0;41200
-2;41300;ASH_COATED_OSMIUM;9996.0;10.0;9994.0;28.0;;;10012.0;10.0;;;;;10004.0;0.0;41300
-2;41400;ASH_COATED_OSMIUM;9996.0;13.0;;;;;10012.0;13.0;10015.0;30.0;;;10004.0;0.0;41400
-2;41500;ASH_COATED_OSMIUM;9996.0;13.0;9994.0;21.0;;;10012.0;13.0;10015.0;21.0;;;10004.0;0.0;41500
-2;41600;ASH_COATED_OSMIUM;9996.0;12.0;;;;;10012.0;12.0;10015.0;23.0;;;10004.0;0.0;41600
-2;41700;ASH_COATED_OSMIUM;9996.0;12.0;;;;;10012.0;12.0;10015.0;28.0;;;10004.0;0.0;41700
-2;41800;ASH_COATED_OSMIUM;10002.0;3.0;9996.0;11.0;9994.0;29.0;;;;;;;10002.0;0.0;41800
-2;41900;ASH_COATED_OSMIUM;9996.0;14.0;;;;;10012.0;14.0;10014.0;30.0;;;10004.0;0.0;41900
-2;42000;ASH_COATED_OSMIUM;9996.0;11.0;9994.0;20.0;;;10006.0;4.0;10012.0;11.0;;;10001.0;0.0;42000
-2;42100;ASH_COATED_OSMIUM;10002.0;5.0;9997.0;10.0;9994.0;20.0;10015.0;20.0;;;;;10008.5;0.0;42100
-2;42200;ASH_COATED_OSMIUM;;;;;;;10013.0;15.0;10015.0;20.0;;;10013.0;0.0;42200
-2;42300;ASH_COATED_OSMIUM;9997.0;13.0;9994.0;24.0;;;10013.0;13.0;10015.0;24.0;;;10005.0;0.0;42300
-2;42400;ASH_COATED_OSMIUM;9996.0;14.0;9994.0;25.0;;;10012.0;14.0;10015.0;25.0;;;10004.0;0.0;42400
-2;42500;ASH_COATED_OSMIUM;9994.0;22.0;;;;;10006.0;5.0;10012.0;14.0;10015.0;22.0;10000.0;0.0;42500
-2;42600;ASH_COATED_OSMIUM;9996.0;13.0;;;;;10012.0;13.0;;;;;10004.0;0.0;42600
-2;42700;ASH_COATED_OSMIUM;9995.0;10.0;;;;;10011.0;10.0;10014.0;23.0;;;10003.0;0.0;42700
-2;42800;ASH_COATED_OSMIUM;9995.0;11.0;9993.0;25.0;;;10011.0;11.0;;;;;10003.0;0.0;42800
-2;42900;ASH_COATED_OSMIUM;9995.0;15.0;;;;;10011.0;15.0;10014.0;26.0;;;10003.0;0.0;42900
-2;43000;ASH_COATED_OSMIUM;9995.0;10.0;9992.0;21.0;;;10011.0;10.0;10013.0;21.0;;;10003.0;0.0;43000
-2;43100;ASH_COATED_OSMIUM;9995.0;10.0;;;;;10011.0;10.0;;;;;10003.0;0.0;43100
-2;43200;ASH_COATED_OSMIUM;;;;;;;10011.0;11.0;10013.0;28.0;;;10011.0;0.0;43200
-2;43300;ASH_COATED_OSMIUM;9995.0;13.0;9992.0;23.0;;;10011.0;13.0;10013.0;23.0;;;10003.0;0.0;43300
-2;43400;ASH_COATED_OSMIUM;9995.0;14.0;;;;;10011.0;14.0;10014.0;28.0;;;10003.0;0.0;43400
-2;43500;ASH_COATED_OSMIUM;9995.0;11.0;9993.0;22.0;;;10011.0;11.0;10014.0;22.0;;;10003.0;0.0;43500
-2;43600;ASH_COATED_OSMIUM;9993.0;20.0;;;;;10001.0;8.0;10011.0;11.0;;;9997.0;0.0;43600
-2;43700;ASH_COATED_OSMIUM;9995.0;11.0;9993.0;29.0;;;10011.0;11.0;10014.0;29.0;;;10003.0;0.0;43700
-2;43800;ASH_COATED_OSMIUM;;;;;;;;;;;;;0.0;0.0;43800
-2;43900;ASH_COATED_OSMIUM;;;;;;;10014.0;22.0;;;;;10014.0;0.0;43900
-2;44000;ASH_COATED_OSMIUM;9993.0;29.0;;;;;;;;;;;9993.0;0.0;44000
-2;44100;ASH_COATED_OSMIUM;9996.0;13.0;9993.0;30.0;;;10012.0;13.0;10014.0;30.0;;;10004.0;0.0;44100
-2;44200;ASH_COATED_OSMIUM;9995.0;12.0;;;;;10014.0;26.0;;;;;10004.5;0.0;44200
-2;44300;ASH_COATED_OSMIUM;9993.0;27.0;;;;;10012.0;14.0;10014.0;27.0;;;10002.5;0.0;44300
-2;44400;ASH_COATED_OSMIUM;9995.0;13.0;9993.0;21.0;;;10014.0;21.0;;;;;10004.5;0.0;44400
-2;44500;ASH_COATED_OSMIUM;9995.0;11.0;;;;;10011.0;11.0;10013.0;27.0;;;10003.0;0.0;44500
-2;44600;ASH_COATED_OSMIUM;9995.0;14.0;9992.0;26.0;;;10011.0;14.0;10013.0;26.0;;;10003.0;0.0;44600
-2;44700;ASH_COATED_OSMIUM;9995.0;12.0;9992.0;27.0;;;10011.0;12.0;10013.0;27.0;;;10003.0;0.0;44700
-2;44800;ASH_COATED_OSMIUM;9992.0;23.0;;;;;10013.0;23.0;;;;;10002.5;0.0;44800
-2;44900;ASH_COATED_OSMIUM;;;;;;;10011.0;15.0;10014.0;30.0;;;10011.0;0.0;44900
-2;45000;ASH_COATED_OSMIUM;9995.0;10.0;;;;;10004.0;5.0;10011.0;10.0;10013.0;23.0;9999.5;0.0;45000
-2;45100;ASH_COATED_OSMIUM;9995.0;13.0;9992.0;25.0;;;10011.0;13.0;10013.0;25.0;;;10003.0;0.0;45100
-2;45200;ASH_COATED_OSMIUM;9995.0;12.0;9992.0;24.0;;;10011.0;12.0;10013.0;24.0;;;10003.0;0.0;45200
-2;45300;ASH_COATED_OSMIUM;9995.0;10.0;9992.0;29.0;;;10011.0;10.0;10013.0;29.0;;;10003.0;0.0;45300
-2;45400;ASH_COATED_OSMIUM;9995.0;11.0;9992.0;24.0;;;10011.0;11.0;;;;;10003.0;0.0;45400
-2;45500;ASH_COATED_OSMIUM;9995.0;10.0;;;;;10014.0;28.0;;;;;10004.5;0.0;45500
-2;45600;ASH_COATED_OSMIUM;9995.0;12.0;9992.0;27.0;;;10011.0;12.0;10013.0;27.0;;;10003.0;0.0;45600
-2;45700;ASH_COATED_OSMIUM;9995.0;12.0;9992.0;21.0;;;10011.0;12.0;10013.0;21.0;;;10003.0;0.0;45700
-2;45800;ASH_COATED_OSMIUM;9992.0;20.0;;;;;10011.0;13.0;10013.0;20.0;;;10001.5;0.0;45800
-2;45900;ASH_COATED_OSMIUM;9996.0;11.0;9993.0;26.0;;;10014.0;26.0;;;;;10005.0;0.0;45900
-2;46000;ASH_COATED_OSMIUM;9996.0;15.0;9994.0;26.0;;;10015.0;26.0;;;;;10005.5;0.0;46000
-2;46100;ASH_COATED_OSMIUM;10005.0;10.0;9996.0;10.0;9993.0;23.0;10014.0;23.0;;;;;10009.5;0.0;46100
-2;46200;ASH_COATED_OSMIUM;9997.0;11.0;9994.0;20.0;;;10013.0;11.0;;;;;10005.0;0.0;46200
-2;46300;ASH_COATED_OSMIUM;9996.0;10.0;9994.0;23.0;;;10012.0;10.0;10015.0;23.0;;;10004.0;0.0;46300
-2;46400;ASH_COATED_OSMIUM;9997.0;11.0;9994.0;26.0;;;10013.0;11.0;10015.0;26.0;;;10005.0;0.0;46400
-2;46500;ASH_COATED_OSMIUM;9997.0;12.0;9994.0;24.0;;;10013.0;12.0;10015.0;24.0;;;10005.0;0.0;46500
-2;46600;ASH_COATED_OSMIUM;9997.0;10.0;9994.0;21.0;;;10013.0;10.0;10015.0;21.0;;;10005.0;0.0;46600
-2;46700;ASH_COATED_OSMIUM;9994.0;27.0;;;;;10006.0;2.0;10012.0;13.0;10015.0;27.0;10000.0;0.0;46700
-2;46800;ASH_COATED_OSMIUM;9996.0;10.0;9994.0;30.0;;;10012.0;10.0;10015.0;30.0;;;10004.0;0.0;46800
-2;46900;ASH_COATED_OSMIUM;9996.0;10.0;9994.0;30.0;;;10012.0;10.0;10015.0;30.0;;;10004.0;0.0;46900
-2;47000;ASH_COATED_OSMIUM;9996.0;11.0;;;;;10012.0;11.0;;;;;10004.0;0.0;47000
-2;47100;ASH_COATED_OSMIUM;9996.0;15.0;9994.0;26.0;;;10012.0;15.0;;;;;10004.0;0.0;47100
-2;47200;ASH_COATED_OSMIUM;9996.0;15.0;9994.0;25.0;;;;;;;;;9996.0;0.0;47200
-2;47300;ASH_COATED_OSMIUM;9996.0;14.0;9993.0;29.0;;;10012.0;14.0;10014.0;29.0;;;10004.0;0.0;47300
-2;47400;ASH_COATED_OSMIUM;9996.0;11.0;;;;;10012.0;11.0;;;;;10004.0;0.0;47400
-2;47500;ASH_COATED_OSMIUM;9996.0;10.0;9994.0;26.0;;;10012.0;10.0;;;;;10004.0;0.0;47500
-2;47600;ASH_COATED_OSMIUM;9997.0;10.0;9994.0;26.0;;;10013.0;10.0;10015.0;26.0;;;10005.0;0.0;47600
-2;47700;ASH_COATED_OSMIUM;9995.0;22.0;;;;;10014.0;14.0;10016.0;22.0;;;10004.5;0.0;47700
-2;47800;ASH_COATED_OSMIUM;9998.0;15.0;;;;;10014.0;15.0;;;;;10006.0;0.0;47800
-2;47900;ASH_COATED_OSMIUM;9998.0;14.0;9995.0;24.0;;;10014.0;14.0;10016.0;24.0;;;10006.0;0.0;47900
-2;48000;ASH_COATED_OSMIUM;9998.0;13.0;9995.0;28.0;;;10014.0;13.0;10016.0;28.0;;;10006.0;0.0;48000
-2;48100;ASH_COATED_OSMIUM;9996.0;22.0;;;;;10014.0;15.0;10017.0;22.0;;;10005.0;0.0;48100
-2;48200;ASH_COATED_OSMIUM;;;;;;;10014.0;15.0;10017.0;24.0;;;10014.0;0.0;48200
-2;48300;ASH_COATED_OSMIUM;9996.0;26.0;;;;;10014.0;14.0;;;;;10005.0;0.0;48300
-2;48400;ASH_COATED_OSMIUM;9996.0;28.0;;;;;10014.0;10.0;10017.0;28.0;;;10005.0;0.0;48400
-2;48500;ASH_COATED_OSMIUM;9998.0;12.0;9996.0;25.0;;;10014.0;12.0;10017.0;25.0;;;10006.0;0.0;48500
-2;48600;ASH_COATED_OSMIUM;9998.0;10.0;9996.0;22.0;;;10014.0;10.0;10017.0;22.0;;;10006.0;0.0;48600
-2;48700;ASH_COATED_OSMIUM;9998.0;11.0;9996.0;21.0;;;10014.0;11.0;10017.0;21.0;;;10006.0;0.0;48700
-2;48800;ASH_COATED_OSMIUM;9998.0;12.0;9996.0;24.0;;;10017.0;24.0;;;;;10007.5;0.0;48800
-2;48900;ASH_COATED_OSMIUM;9999.0;14.0;9996.0;27.0;;;10015.0;14.0;;;;;10007.0;0.0;48900
-2;49000;ASH_COATED_OSMIUM;9998.0;13.0;9996.0;20.0;;;10014.0;13.0;10017.0;20.0;;;10006.0;0.0;49000
-2;49100;ASH_COATED_OSMIUM;9996.0;27.0;;;;;10017.0;27.0;;;;;10006.5;0.0;49100
-2;49200;ASH_COATED_OSMIUM;9998.0;10.0;9995.0;29.0;;;10014.0;10.0;10016.0;29.0;;;10006.0;0.0;49200
-2;49300;ASH_COATED_OSMIUM;9997.0;15.0;9995.0;22.0;;;10013.0;15.0;10016.0;22.0;;;10005.0;0.0;49300
-2;49400;ASH_COATED_OSMIUM;9997.0;13.0;9994.0;21.0;;;10013.0;13.0;10016.0;21.0;;;10005.0;0.0;49400
-2;49500;ASH_COATED_OSMIUM;9998.0;12.0;9995.0;29.0;;;10007.0;3.0;10014.0;12.0;10016.0;29.0;10002.5;0.0;49500
-2;49600;ASH_COATED_OSMIUM;9998.0;14.0;9996.0;29.0;;;10014.0;14.0;10017.0;29.0;;;10006.0;0.0;49600
-2;49700;ASH_COATED_OSMIUM;9998.0;11.0;9996.0;27.0;;;10017.0;27.0;;;;;10007.5;0.0;49700
-2;49800;ASH_COATED_OSMIUM;9998.0;15.0;9996.0;24.0;;;10017.0;24.0;;;;;10007.5;0.0;49800
-2;49900;ASH_COATED_OSMIUM;;;;;;;10015.0;13.0;10017.0;22.0;;;10015.0;0.0;49900
-2;50000;ASH_COATED_OSMIUM;10008.0;3.0;9998.0;10.0;;;10014.0;10.0;10017.0;27.0;;;10011.0;0.0;50000
-2;50100;ASH_COATED_OSMIUM;9999.0;11.0;9996.0;30.0;;;10017.0;30.0;;;;;10008.0;0.0;50100
-2;50200;ASH_COATED_OSMIUM;9996.0;29.0;;;;;10015.0;14.0;10017.0;29.0;;;10005.5;0.0;50200
-2;50300;ASH_COATED_OSMIUM;9999.0;13.0;9997.0;20.0;;;10015.0;13.0;;;;;10007.0;0.0;50300
-2;50400;ASH_COATED_OSMIUM;9999.0;13.0;9997.0;21.0;;;10015.0;13.0;;;;;10007.0;0.0;50400
-2;50500;ASH_COATED_OSMIUM;10005.0;2.0;10000.0;12.0;9997.0;26.0;10018.0;26.0;;;;;10011.5;0.0;50500
-2;50600;ASH_COATED_OSMIUM;9999.0;15.0;9997.0;22.0;;;10015.0;15.0;10018.0;22.0;;;10007.0;0.0;50600
-2;50700;ASH_COATED_OSMIUM;9999.0;10.0;;;;;10015.0;10.0;10018.0;26.0;;;10007.0;0.0;50700
-2;50800;ASH_COATED_OSMIUM;9999.0;13.0;9997.0;30.0;;;10015.0;13.0;;;;;10007.0;0.0;50800
-2;50900;ASH_COATED_OSMIUM;9997.0;24.0;;;;;10018.0;24.0;;;;;10007.5;0.0;50900
-2;51000;ASH_COATED_OSMIUM;9999.0;10.0;;;;;10015.0;10.0;10018.0;25.0;;;10007.0;0.0;51000
-2;51100;ASH_COATED_OSMIUM;10005.0;5.0;10000.0;11.0;9997.0;30.0;10018.0;30.0;;;;;10011.5;0.0;51100
-2;51200;ASH_COATED_OSMIUM;10000.0;12.0;9998.0;27.0;;;10016.0;12.0;;;;;10008.0;0.0;51200
-2;51300;ASH_COATED_OSMIUM;9998.0;26.0;;;;;10016.0;11.0;;;;;10007.0;0.0;51300
-2;51400;ASH_COATED_OSMIUM;10000.0;15.0;9997.0;20.0;;;10018.0;20.0;;;;;10009.0;0.0;51400
-2;51500;ASH_COATED_OSMIUM;10000.0;13.0;;;;;10016.0;13.0;;;;;10008.0;0.0;51500
-2;51600;ASH_COATED_OSMIUM;9997.0;30.0;;;;;10018.0;30.0;;;;;10007.5;0.0;51600
-2;51700;ASH_COATED_OSMIUM;;;;;;;10016.0;14.0;10018.0;20.0;;;10016.0;0.0;51700
-2;51800;ASH_COATED_OSMIUM;9997.0;21.0;;;;;10016.0;11.0;10018.0;21.0;;;10006.5;0.0;51800
-2;51900;ASH_COATED_OSMIUM;9997.0;23.0;;;;;10018.0;23.0;;;;;10007.5;0.0;51900
-2;52000;ASH_COATED_OSMIUM;10000.0;10.0;9997.0;22.0;;;10016.0;10.0;10018.0;22.0;;;10008.0;0.0;52000
-2;52100;ASH_COATED_OSMIUM;9999.0;15.0;9997.0;23.0;;;10015.0;15.0;10018.0;23.0;;;10007.0;0.0;52100
-2;52200;ASH_COATED_OSMIUM;10000.0;11.0;9997.0;24.0;;;10016.0;11.0;10018.0;24.0;;;10008.0;0.0;52200
-2;52300;ASH_COATED_OSMIUM;9999.0;15.0;9997.0;28.0;;;10018.0;28.0;;;;;10008.5;0.0;52300
-2;52400;ASH_COATED_OSMIUM;9999.0;13.0;9996.0;20.0;;;10015.0;13.0;;;;;10007.0;0.0;52400
-2;52500;ASH_COATED_OSMIUM;9996.0;30.0;;;;;10017.0;30.0;;;;;10006.5;0.0;52500
-2;52600;ASH_COATED_OSMIUM;9999.0;13.0;9996.0;24.0;;;10015.0;13.0;10017.0;24.0;;;10007.0;0.0;52600
-2;52700;ASH_COATED_OSMIUM;9999.0;13.0;9996.0;20.0;;;10017.0;20.0;;;;;10008.0;0.0;52700
-2;52800;ASH_COATED_OSMIUM;9996.0;22.0;;;;;10015.0;10.0;10017.0;22.0;;;10005.5;0.0;52800
-2;52900;ASH_COATED_OSMIUM;10009.0;9.0;9999.0;13.0;9996.0;25.0;10015.0;13.0;10018.0;25.0;;;10012.0;0.0;52900
-2;53000;ASH_COATED_OSMIUM;9999.0;10.0;9997.0;21.0;;;10015.0;10.0;;;;;10007.0;0.0;53000
-2;53100;ASH_COATED_OSMIUM;9999.0;13.0;9997.0;22.0;;;10018.0;22.0;;;;;10008.5;0.0;53100
-2;53200;ASH_COATED_OSMIUM;;;;;;;10015.0;15.0;10017.0;26.0;;;10015.0;0.0;53200
-2;53300;ASH_COATED_OSMIUM;9996.0;23.0;;;;;10015.0;12.0;;;;;10005.5;0.0;53300
-2;53400;ASH_COATED_OSMIUM;9999.0;15.0;9996.0;27.0;;;10015.0;15.0;10017.0;27.0;;;10007.0;0.0;53400
-2;53500;ASH_COATED_OSMIUM;9996.0;21.0;;;;;10015.0;12.0;10017.0;21.0;;;10005.5;0.0;53500
-2;53600;ASH_COATED_OSMIUM;9999.0;12.0;;;;;10018.0;25.0;;;;;10008.5;0.0;53600
-2;53700;ASH_COATED_OSMIUM;;;;;;;10015.0;11.0;10017.0;21.0;;;10015.0;0.0;53700
-2;53800;ASH_COATED_OSMIUM;9999.0;10.0;;;;;10017.0;24.0;;;;;10008.0;0.0;53800
-2;53900;ASH_COATED_OSMIUM;9999.0;11.0;9996.0;30.0;;;10015.0;11.0;10017.0;30.0;;;10007.0;0.0;53900
-2;54000;ASH_COATED_OSMIUM;9999.0;13.0;9996.0;30.0;;;10015.0;13.0;10017.0;30.0;;;10007.0;0.0;54000
-2;54100;ASH_COATED_OSMIUM;9999.0;15.0;9996.0;26.0;;;10017.0;26.0;;;;;10008.0;0.0;54100
-2;54200;ASH_COATED_OSMIUM;9999.0;12.0;9996.0;28.0;;;10015.0;12.0;10017.0;28.0;;;10007.0;0.0;54200
-2;54300;ASH_COATED_OSMIUM;9999.0;14.0;9996.0;22.0;;;10015.0;14.0;10017.0;22.0;;;10007.0;0.0;54300
-2;54400;ASH_COATED_OSMIUM;9996.0;29.0;;;;;10014.0;11.0;10017.0;29.0;;;10005.0;0.0;54400
-2;54500;ASH_COATED_OSMIUM;9999.0;15.0;9996.0;22.0;;;10015.0;15.0;;;;;10007.0;0.0;54500
-2;54600;ASH_COATED_OSMIUM;9998.0;15.0;;;;;10014.0;15.0;10017.0;24.0;;;10006.0;0.0;54600
-2;54700;ASH_COATED_OSMIUM;9999.0;11.0;9996.0;24.0;;;10015.0;11.0;10017.0;24.0;;;10007.0;0.0;54700
-2;54800;ASH_COATED_OSMIUM;9999.0;14.0;9996.0;29.0;;;10017.0;29.0;;;;;10008.0;0.0;54800
-2;54900;ASH_COATED_OSMIUM;9996.0;24.0;;;;;10014.0;13.0;;;;;10005.0;0.0;54900
-2;55000;ASH_COATED_OSMIUM;9998.0;11.0;9996.0;23.0;;;10014.0;11.0;10017.0;23.0;;;10006.0;0.0;55000
-2;55100;ASH_COATED_OSMIUM;9999.0;15.0;9996.0;21.0;;;10015.0;15.0;10017.0;21.0;;;10007.0;0.0;55100
-2;55200;ASH_COATED_OSMIUM;10005.0;3.0;9999.0;12.0;9997.0;20.0;10018.0;20.0;;;;;10011.5;0.0;55200
-2;55300;ASH_COATED_OSMIUM;9999.0;10.0;9997.0;29.0;;;10015.0;10.0;10018.0;29.0;;;10007.0;0.0;55300
-2;55400;ASH_COATED_OSMIUM;9999.0;15.0;9997.0;27.0;;;10015.0;15.0;10018.0;27.0;;;10007.0;0.0;55400
-2;55500;ASH_COATED_OSMIUM;9998.0;12.0;9996.0;29.0;;;10014.0;12.0;10017.0;29.0;;;10006.0;0.0;55500
-2;55600;ASH_COATED_OSMIUM;9998.0;13.0;9996.0;29.0;;;10014.0;13.0;10017.0;29.0;;;10006.0;0.0;55600
-2;55700;ASH_COATED_OSMIUM;;;;;;;;;;;;;0.0;0.0;55700
-2;55800;ASH_COATED_OSMIUM;9995.0;20.0;;;;;;;;;;;9995.0;0.0;55800
-2;55900;ASH_COATED_OSMIUM;9995.0;26.0;;;;;10013.0;14.0;10016.0;26.0;;;10004.0;0.0;55900
-2;56000;ASH_COATED_OSMIUM;9997.0;15.0;9994.0;29.0;;;10013.0;15.0;10015.0;29.0;;;10005.0;0.0;56000
-2;56100;ASH_COATED_OSMIUM;9997.0;15.0;9995.0;22.0;;;10013.0;15.0;10016.0;22.0;;;10005.0;0.0;56100
-2;56200;ASH_COATED_OSMIUM;9997.0;12.0;9995.0;23.0;;;;;;;;;9997.0;0.0;56200
-2;56300;ASH_COATED_OSMIUM;9995.0;29.0;;;;;10014.0;11.0;10016.0;29.0;;;10004.5;0.0;56300
-2;56400;ASH_COATED_OSMIUM;9997.0;12.0;;;;;10013.0;12.0;10016.0;24.0;;;10005.0;0.0;56400
-2;56500;ASH_COATED_OSMIUM;10002.0;4.0;9994.0;20.0;;;10013.0;10.0;10015.0;20.0;;;10007.5;0.0;56500
-2;56600;ASH_COATED_OSMIUM;9997.0;11.0;9994.0;26.0;;;10013.0;11.0;10015.0;26.0;;;10005.0;0.0;56600
-2;56700;ASH_COATED_OSMIUM;9997.0;13.0;;;;;10015.0;20.0;;;;;10006.0;0.0;56700
-2;56800;ASH_COATED_OSMIUM;9997.0;13.0;;;;;10013.0;13.0;10016.0;23.0;;;10005.0;0.0;56800
-2;56900;ASH_COATED_OSMIUM;9997.0;12.0;9995.0;20.0;;;10016.0;20.0;;;;;10006.5;0.0;56900
-2;57000;ASH_COATED_OSMIUM;9998.0;15.0;9995.0;30.0;;;10014.0;15.0;10016.0;30.0;;;10006.0;0.0;57000
-2;57100;ASH_COATED_OSMIUM;9997.0;14.0;9995.0;24.0;;;10013.0;14.0;10016.0;24.0;;;10005.0;0.0;57100
-2;57200;ASH_COATED_OSMIUM;9995.0;24.0;;;;;10014.0;10.0;10016.0;24.0;;;10004.5;0.0;57200
-2;57300;ASH_COATED_OSMIUM;9998.0;12.0;9995.0;21.0;;;10014.0;12.0;10016.0;21.0;;;10006.0;0.0;57300
-2;57400;ASH_COATED_OSMIUM;9998.0;15.0;9995.0;23.0;;;10014.0;15.0;10016.0;23.0;;;10006.0;0.0;57400
-2;57500;ASH_COATED_OSMIUM;9998.0;13.0;9995.0;23.0;;;10016.0;23.0;;;;;10007.0;0.0;57500
-2;57600;ASH_COATED_OSMIUM;9998.0;13.0;9996.0;30.0;;;10014.0;13.0;;;;;10006.0;0.0;57600
-2;57700;ASH_COATED_OSMIUM;9998.0;14.0;9995.0;25.0;;;10014.0;14.0;;;;;10006.0;0.0;57700
-2;57800;ASH_COATED_OSMIUM;9997.0;15.0;9995.0;29.0;;;10013.0;15.0;10016.0;29.0;;;10005.0;0.0;57800
-2;57900;ASH_COATED_OSMIUM;9997.0;15.0;9995.0;28.0;;;10013.0;15.0;;;;;10005.0;0.0;57900
-2;58000;ASH_COATED_OSMIUM;9997.0;10.0;9995.0;22.0;;;10013.0;10.0;;;;;10005.0;0.0;58000
-2;58100;ASH_COATED_OSMIUM;9995.0;27.0;;;;;10013.0;11.0;10016.0;27.0;;;10004.0;0.0;58100
-2;58200;ASH_COATED_OSMIUM;9997.0;12.0;9995.0;25.0;;;;;;;;;9997.0;0.0;58200
-2;58300;ASH_COATED_OSMIUM;9997.0;10.0;;;;;10006.0;4.0;10013.0;10.0;10015.0;22.0;10001.5;0.0;58300
-2;58400;ASH_COATED_OSMIUM;9997.0;14.0;9994.0;28.0;;;10013.0;14.0;10015.0;28.0;;;10005.0;0.0;58400
-2;58500;ASH_COATED_OSMIUM;9994.0;21.0;;;;;10006.0;3.0;10012.0;12.0;;;10000.0;0.0;58500
-2;58600;ASH_COATED_OSMIUM;9996.0;11.0;9994.0;29.0;;;10015.0;29.0;;;;;10005.5;0.0;58600
-2;58700;ASH_COATED_OSMIUM;;;;;;;10013.0;15.0;10015.0;28.0;;;10013.0;0.0;58700
-2;58800;ASH_COATED_OSMIUM;9997.0;14.0;;;;;10013.0;14.0;10016.0;21.0;;;10005.0;0.0;58800
-2;58900;ASH_COATED_OSMIUM;;;;;;;10016.0;25.0;;;;;10016.0;0.0;58900
-2;59000;ASH_COATED_OSMIUM;9998.0;15.0;9995.0;22.0;;;10014.0;15.0;10016.0;22.0;;;10006.0;0.0;59000
-2;59100;ASH_COATED_OSMIUM;9998.0;12.0;9995.0;26.0;;;10014.0;12.0;;;;;10006.0;0.0;59100
-2;59200;ASH_COATED_OSMIUM;9997.0;10.0;9995.0;24.0;;;10013.0;10.0;10016.0;24.0;;;10005.0;0.0;59200
-2;59300;ASH_COATED_OSMIUM;9997.0;14.0;9994.0;23.0;;;10013.0;14.0;10015.0;23.0;;;10005.0;0.0;59300
-2;59400;ASH_COATED_OSMIUM;9994.0;27.0;;;;;10013.0;11.0;10015.0;27.0;;;10003.5;0.0;59400
-2;59500;ASH_COATED_OSMIUM;9997.0;14.0;;;;;10013.0;14.0;10015.0;26.0;;;10005.0;0.0;59500
-2;59600;ASH_COATED_OSMIUM;9996.0;15.0;9993.0;27.0;;;10012.0;15.0;10015.0;27.0;;;10004.0;0.0;59600
-2;59700;ASH_COATED_OSMIUM;9996.0;15.0;;;;;10012.0;15.0;10014.0;20.0;;;10004.0;0.0;59700
-2;59800;ASH_COATED_OSMIUM;9993.0;22.0;;;;;10012.0;12.0;10014.0;22.0;;;10002.5;0.0;59800
-2;59900;ASH_COATED_OSMIUM;9996.0;12.0;9993.0;22.0;;;10012.0;12.0;10014.0;22.0;;;10004.0;0.0;59900
-2;60000;ASH_COATED_OSMIUM;9993.0;26.0;;;;;10011.0;13.0;10014.0;26.0;;;10002.0;0.0;60000
-2;60100;ASH_COATED_OSMIUM;9995.0;14.0;;;;;10011.0;14.0;10014.0;23.0;;;10003.0;0.0;60100
-2;60200;ASH_COATED_OSMIUM;9995.0;15.0;9993.0;23.0;;;10011.0;15.0;10014.0;23.0;;;10003.0;0.0;60200
-2;60300;ASH_COATED_OSMIUM;9996.0;12.0;9993.0;26.0;;;10014.0;26.0;;;;;10005.0;0.0;60300
-2;60400;ASH_COATED_OSMIUM;9996.0;13.0;9993.0;20.0;;;10012.0;13.0;;;;;10004.0;0.0;60400
-2;60500;ASH_COATED_OSMIUM;9995.0;10.0;;;;;10011.0;10.0;10014.0;29.0;;;10003.0;0.0;60500
-2;60600;ASH_COATED_OSMIUM;9995.0;11.0;9993.0;26.0;;;10011.0;11.0;10014.0;26.0;;;10003.0;0.0;60600
-2;60700;ASH_COATED_OSMIUM;9995.0;13.0;;;;;10011.0;13.0;10014.0;26.0;;;10003.0;0.0;60700
-2;60800;ASH_COATED_OSMIUM;9995.0;14.0;9993.0;20.0;;;10011.0;14.0;;;;;10003.0;0.0;60800
-2;60900;ASH_COATED_OSMIUM;9993.0;21.0;;;;;10011.0;11.0;;;;;10002.0;0.0;60900
-2;61000;ASH_COATED_OSMIUM;9995.0;15.0;;;;;;;;;;;9995.0;0.0;61000
-2;61100;ASH_COATED_OSMIUM;9995.0;10.0;9993.0;29.0;;;10014.0;29.0;;;;;10004.5;0.0;61100
-2;61200;ASH_COATED_OSMIUM;9995.0;10.0;9992.0;29.0;;;10011.0;10.0;10013.0;29.0;;;10003.0;0.0;61200
-2;61300;ASH_COATED_OSMIUM;9994.0;11.0;9992.0;25.0;;;10010.0;11.0;10013.0;25.0;;;10002.0;0.0;61300
-2;61400;ASH_COATED_OSMIUM;9995.0;13.0;9992.0;29.0;;;10011.0;13.0;10013.0;29.0;;;10003.0;0.0;61400
-2;61500;ASH_COATED_OSMIUM;9995.0;15.0;9992.0;21.0;;;;;;;;;9995.0;0.0;61500
-2;61600;ASH_COATED_OSMIUM;9995.0;14.0;9992.0;27.0;;;10011.0;14.0;10013.0;27.0;;;10003.0;0.0;61600
-2;61700;ASH_COATED_OSMIUM;;;;;;;10010.0;15.0;10013.0;30.0;;;10010.0;0.0;61700
-2;61800;ASH_COATED_OSMIUM;9994.0;10.0;9991.0;25.0;;;10010.0;10.0;;;;;10002.0;0.0;61800
-2;61900;ASH_COATED_OSMIUM;9994.0;14.0;9992.0;20.0;;;10010.0;14.0;10013.0;20.0;;;10002.0;0.0;61900
-2;62000;ASH_COATED_OSMIUM;9991.0;20.0;;;;;10010.0;11.0;10012.0;20.0;;;10000.5;0.0;62000
-2;62100;ASH_COATED_OSMIUM;;;;;;;10012.0;22.0;;;;;10012.0;0.0;62100
-2;62200;ASH_COATED_OSMIUM;9993.0;15.0;9990.0;27.0;;;10009.0;15.0;;;;;10001.0;0.0;62200
-2;62300;ASH_COATED_OSMIUM;9993.0;11.0;;;;;10009.0;11.0;10012.0;24.0;;;10001.0;0.0;62300
-2;62400;ASH_COATED_OSMIUM;9999.0;4.0;9993.0;13.0;9991.0;24.0;10009.0;13.0;10012.0;24.0;;;10004.0;0.0;62400
-2;62500;ASH_COATED_OSMIUM;9994.0;12.0;9991.0;26.0;;;10010.0;12.0;;;;;10002.0;0.0;62500
-2;62600;ASH_COATED_OSMIUM;;;;;;;10012.0;27.0;;;;;10012.0;0.0;62600
-2;62700;ASH_COATED_OSMIUM;9994.0;12.0;9991.0;23.0;;;9999.0;7.0;10010.0;12.0;10012.0;23.0;9996.5;0.0;62700
-2;62800;ASH_COATED_OSMIUM;9994.0;11.0;;;;;10010.0;11.0;10012.0;22.0;;;10002.0;0.0;62800
-2;62900;ASH_COATED_OSMIUM;9994.0;11.0;9991.0;28.0;;;10012.0;28.0;;;;;10003.0;0.0;62900
-2;63000;ASH_COATED_OSMIUM;9991.0;22.0;;;;;10009.0;15.0;10012.0;22.0;;;10000.0;0.0;63000
-2;63100;ASH_COATED_OSMIUM;9994.0;13.0;9991.0;24.0;;;;;;;;;9994.0;0.0;63100
-2;63200;ASH_COATED_OSMIUM;9993.0;14.0;9991.0;26.0;;;10003.0;3.0;10009.0;14.0;;;9998.0;0.0;63200
-2;63300;ASH_COATED_OSMIUM;9994.0;15.0;9991.0;23.0;;;;;;;;;9994.0;0.0;63300
-2;63400;ASH_COATED_OSMIUM;9994.0;12.0;9991.0;21.0;;;10012.0;21.0;;;;;10003.0;0.0;63400
-2;63500;ASH_COATED_OSMIUM;9991.0;22.0;;;;;10003.0;4.0;10012.0;22.0;;;9997.0;0.0;63500
-2;63600;ASH_COATED_OSMIUM;9994.0;13.0;9992.0;20.0;;;10013.0;20.0;;;;;10003.5;0.0;63600
-2;63700;ASH_COATED_OSMIUM;;;;;;;10010.0;11.0;10013.0;30.0;;;10010.0;0.0;63700
-2;63800;ASH_COATED_OSMIUM;9994.0;13.0;9992.0;20.0;;;10013.0;20.0;;;;;10003.5;0.0;63800
-2;63900;ASH_COATED_OSMIUM;9994.0;14.0;9991.0;25.0;;;10010.0;14.0;;;;;10002.0;0.0;63900
-2;64000;ASH_COATED_OSMIUM;9993.0;14.0;9991.0;28.0;;;10009.0;14.0;10012.0;28.0;;;10001.0;0.0;64000
-2;64100;ASH_COATED_OSMIUM;9993.0;10.0;;;;;10009.0;10.0;10012.0;30.0;;;10001.0;0.0;64100
-2;64200;ASH_COATED_OSMIUM;9993.0;14.0;9991.0;22.0;;;10003.0;5.0;10009.0;14.0;10012.0;22.0;9998.0;0.0;64200
-2;64300;ASH_COATED_OSMIUM;9993.0;10.0;9991.0;28.0;;;10009.0;10.0;10012.0;28.0;;;10001.0;0.0;64300
-2;64400;ASH_COATED_OSMIUM;9993.0;14.0;9991.0;24.0;;;10009.0;14.0;10012.0;24.0;;;10001.0;0.0;64400
-2;64500;ASH_COATED_OSMIUM;9993.0;11.0;9990.0;26.0;;;10011.0;26.0;;;;;10002.0;0.0;64500
-2;64600;ASH_COATED_OSMIUM;9993.0;14.0;;;;;10009.0;14.0;10011.0;23.0;;;10001.0;0.0;64600
-2;64700;ASH_COATED_OSMIUM;9993.0;14.0;9990.0;28.0;;;10009.0;14.0;;;;;10001.0;0.0;64700
-2;64800;ASH_COATED_OSMIUM;9993.0;10.0;9990.0;25.0;;;10009.0;10.0;;;;;10001.0;0.0;64800
-2;64900;ASH_COATED_OSMIUM;9992.0;10.0;9990.0;29.0;;;10008.0;10.0;;;;;10000.0;0.0;64900
-2;65000;ASH_COATED_OSMIUM;9992.0;14.0;;;;;10008.0;14.0;10010.0;21.0;;;10000.0;0.0;65000
-2;65100;ASH_COATED_OSMIUM;9997.0;4.0;9992.0;15.0;9989.0;26.0;10008.0;15.0;10010.0;26.0;;;10002.5;0.0;65100
-2;65200;ASH_COATED_OSMIUM;9991.0;12.0;9989.0;29.0;;;10007.0;12.0;10010.0;29.0;;;9999.0;0.0;65200
-2;65300;ASH_COATED_OSMIUM;9988.0;22.0;;;;;10007.0;13.0;10009.0;22.0;;;9997.5;0.0;65300
-2;65400;ASH_COATED_OSMIUM;9990.0;10.0;9988.0;20.0;;;10006.0;10.0;10009.0;20.0;;;9998.0;0.0;65400
-2;65500;ASH_COATED_OSMIUM;9990.0;12.0;9988.0;21.0;;;10006.0;12.0;;;;;9998.0;0.0;65500
-2;65600;ASH_COATED_OSMIUM;9990.0;15.0;9988.0;30.0;;;10006.0;15.0;10009.0;30.0;;;9998.0;0.0;65600
-2;65700;ASH_COATED_OSMIUM;9991.0;12.0;9988.0;26.0;;;10009.0;26.0;;;;;10000.0;0.0;65700
-2;65800;ASH_COATED_OSMIUM;9990.0;14.0;9988.0;28.0;;;10006.0;14.0;10009.0;28.0;;;9998.0;0.0;65800
-2;65900;ASH_COATED_OSMIUM;9990.0;11.0;;;;;10006.0;11.0;10009.0;25.0;;;9998.0;0.0;65900
-2;66000;ASH_COATED_OSMIUM;9990.0;15.0;9988.0;27.0;;;10006.0;15.0;;;;;9998.0;0.0;66000
-2;66100;ASH_COATED_OSMIUM;9990.0;14.0;9988.0;24.0;;;10009.0;24.0;;;;;9999.5;0.0;66100
-2;66200;ASH_COATED_OSMIUM;9987.0;24.0;;;;;10008.0;24.0;;;;;9997.5;0.0;66200
-2;66300;ASH_COATED_OSMIUM;9990.0;12.0;9987.0;26.0;;;10006.0;12.0;10008.0;26.0;;;9998.0;0.0;66300
-2;66400;ASH_COATED_OSMIUM;9990.0;11.0;9987.0;25.0;;;10006.0;11.0;10008.0;25.0;;;9998.0;0.0;66400
-2;66500;ASH_COATED_OSMIUM;9990.0;12.0;9987.0;24.0;;;10006.0;12.0;10008.0;24.0;;;9998.0;0.0;66500
-2;66600;ASH_COATED_OSMIUM;9990.0;12.0;9987.0;30.0;;;10006.0;12.0;10008.0;30.0;;;9998.0;0.0;66600
-2;66700;ASH_COATED_OSMIUM;9990.0;14.0;9987.0;21.0;;;10006.0;14.0;10008.0;21.0;;;9998.0;0.0;66700
-2;66800;ASH_COATED_OSMIUM;9990.0;15.0;9987.0;28.0;;;9999.0;4.0;10008.0;28.0;;;9994.5;0.0;66800
-2;66900;ASH_COATED_OSMIUM;9990.0;13.0;;;;;10006.0;13.0;10008.0;29.0;;;9998.0;0.0;66900
-2;67000;ASH_COATED_OSMIUM;9986.0;21.0;;;;;10005.0;12.0;;;;;9995.5;0.0;67000
-2;67100;ASH_COATED_OSMIUM;9989.0;12.0;9987.0;29.0;;;10005.0;12.0;10008.0;29.0;;;9997.0;0.0;67100
-2;67200;ASH_COATED_OSMIUM;9989.0;12.0;9986.0;23.0;;;10005.0;12.0;;;;;9997.0;0.0;67200
-2;67300;ASH_COATED_OSMIUM;9989.0;10.0;9986.0;26.0;;;10005.0;10.0;10007.0;26.0;;;9997.0;0.0;67300
-2;67400;ASH_COATED_OSMIUM;9989.0;12.0;9987.0;26.0;;;10005.0;12.0;10008.0;26.0;;;9997.0;0.0;67400
-2;67500;ASH_COATED_OSMIUM;9987.0;27.0;;;;;10005.0;12.0;;;;;9996.0;0.0;67500
-2;67600;ASH_COATED_OSMIUM;9987.0;30.0;;;;;10006.0;12.0;10008.0;30.0;;;9996.5;0.0;67600
-2;67700;ASH_COATED_OSMIUM;9987.0;29.0;;;;;9999.0;2.0;10005.0;15.0;10008.0;29.0;9993.0;0.0;67700
-2;67800;ASH_COATED_OSMIUM;9989.0;11.0;;;;;10005.0;11.0;10007.0;21.0;;;9997.0;0.0;67800
-2;67900;ASH_COATED_OSMIUM;9989.0;11.0;9986.0;30.0;;;10005.0;11.0;10007.0;30.0;;;9997.0;0.0;67900
-2;68000;ASH_COATED_OSMIUM;9989.0;15.0;9987.0;25.0;;;10005.0;15.0;10008.0;25.0;;;9997.0;0.0;68000
-2;68100;ASH_COATED_OSMIUM;9989.0;10.0;9987.0;28.0;;;10005.0;10.0;10008.0;28.0;;;9997.0;0.0;68100
-2;68200;ASH_COATED_OSMIUM;9989.0;10.0;9986.0;20.0;;;10005.0;10.0;10007.0;20.0;;;9997.0;0.0;68200
-2;68300;ASH_COATED_OSMIUM;9987.0;20.0;;;;;10005.0;11.0;10008.0;20.0;;;9996.0;0.0;68300
-2;68400;ASH_COATED_OSMIUM;9987.0;25.0;;;;;10005.0;12.0;10008.0;25.0;;;9996.0;0.0;68400
-2;68500;ASH_COATED_OSMIUM;9989.0;15.0;9986.0;23.0;;;10005.0;15.0;10007.0;23.0;;;9997.0;0.0;68500
-2;68600;ASH_COATED_OSMIUM;9987.0;25.0;;;;;10008.0;25.0;;;;;9997.5;0.0;68600
-2;68700;ASH_COATED_OSMIUM;9989.0;10.0;9986.0;25.0;;;10005.0;10.0;10007.0;25.0;;;9997.0;0.0;68700
-2;68800;ASH_COATED_OSMIUM;9987.0;26.0;;;;;10005.0;15.0;10008.0;26.0;;;9996.0;0.0;68800
-2;68900;ASH_COATED_OSMIUM;9986.0;25.0;;;;;10005.0;15.0;10007.0;25.0;;;9995.5;0.0;68900
-2;69000;ASH_COATED_OSMIUM;9988.0;12.0;9986.0;21.0;;;10004.0;12.0;10007.0;21.0;;;9996.0;0.0;69000
-2;69100;ASH_COATED_OSMIUM;9988.0;12.0;9985.0;25.0;;;10004.0;12.0;10006.0;25.0;;;9996.0;0.0;69100
-2;69200;ASH_COATED_OSMIUM;9987.0;12.0;9985.0;24.0;;;10006.0;24.0;;;;;9996.5;0.0;69200
-2;69300;ASH_COATED_OSMIUM;9985.0;28.0;;;;;10004.0;10.0;;;;;9994.5;0.0;69300
-2;69400;ASH_COATED_OSMIUM;9987.0;15.0;9985.0;20.0;;;10003.0;15.0;10006.0;20.0;;;9995.0;0.0;69400
-2;69500;ASH_COATED_OSMIUM;9987.0;11.0;9985.0;20.0;;;10003.0;11.0;10006.0;20.0;;;9995.0;0.0;69500
-2;69600;ASH_COATED_OSMIUM;9985.0;21.0;;;;;10003.0;15.0;10006.0;21.0;;;9994.0;0.0;69600
-2;69700;ASH_COATED_OSMIUM;9987.0;15.0;9985.0;21.0;;;10003.0;15.0;10006.0;21.0;;;9995.0;0.0;69700
-2;69800;ASH_COATED_OSMIUM;9988.0;14.0;9985.0;26.0;;;10004.0;14.0;;;;;9996.0;0.0;69800
-2;69900;ASH_COATED_OSMIUM;9988.0;12.0;9986.0;29.0;;;10004.0;12.0;10007.0;29.0;;;9996.0;0.0;69900
-2;70000;ASH_COATED_OSMIUM;9988.0;12.0;;;;;10007.0;26.0;;;;;9997.5;0.0;70000
-2;70100;ASH_COATED_OSMIUM;9989.0;15.0;9986.0;22.0;;;10005.0;15.0;10007.0;22.0;;;9997.0;0.0;70100
-2;70200;ASH_COATED_OSMIUM;9989.0;12.0;9986.0;29.0;;;10007.0;29.0;;;;;9998.0;0.0;70200
-2;70300;ASH_COATED_OSMIUM;9989.0;10.0;9987.0;28.0;;;10005.0;10.0;10008.0;28.0;;;9997.0;0.0;70300
-2;70400;ASH_COATED_OSMIUM;9987.0;24.0;;;;;10005.0;14.0;10008.0;24.0;;;9996.0;0.0;70400
-2;70500;ASH_COATED_OSMIUM;9989.0;11.0;9986.0;23.0;;;10005.0;11.0;10007.0;23.0;;;9997.0;0.0;70500
-2;70600;ASH_COATED_OSMIUM;9989.0;14.0;;;;;10005.0;14.0;10008.0;30.0;;;9997.0;0.0;70600
-2;70700;ASH_COATED_OSMIUM;9989.0;15.0;9987.0;22.0;;;10005.0;15.0;10008.0;22.0;;;9997.0;0.0;70700
-2;70800;ASH_COATED_OSMIUM;;;;;;;10005.0;15.0;10007.0;28.0;;;10005.0;0.0;70800
-2;70900;ASH_COATED_OSMIUM;9989.0;11.0;9986.0;26.0;;;10005.0;11.0;10007.0;26.0;;;9997.0;0.0;70900
-2;71000;ASH_COATED_OSMIUM;9989.0;13.0;;;;;10005.0;13.0;10007.0;29.0;;;9997.0;0.0;71000
-2;71100;ASH_COATED_OSMIUM;9989.0;13.0;9986.0;25.0;;;10005.0;13.0;10007.0;25.0;;;9997.0;0.0;71100
-2;71200;ASH_COATED_OSMIUM;9989.0;11.0;9987.0;26.0;;;10008.0;26.0;;;;;9998.5;0.0;71200
-2;71300;ASH_COATED_OSMIUM;9990.0;10.0;9987.0;29.0;;;10008.0;29.0;;;;;9999.0;0.0;71300
-2;71400;ASH_COATED_OSMIUM;9987.0;29.0;;;;;10006.0;15.0;10008.0;29.0;;;9996.5;0.0;71400
-2;71500;ASH_COATED_OSMIUM;9990.0;13.0;9987.0;30.0;;;10006.0;13.0;10008.0;30.0;;;9998.0;0.0;71500
-2;71600;ASH_COATED_OSMIUM;9996.0;3.0;9990.0;15.0;;;10006.0;15.0;10009.0;20.0;;;10001.0;0.0;71600
-2;71700;ASH_COATED_OSMIUM;9990.0;14.0;9987.0;20.0;;;10006.0;14.0;10008.0;20.0;;;9998.0;0.0;71700
-2;71800;ASH_COATED_OSMIUM;9988.0;23.0;;;;;10006.0;10.0;10009.0;23.0;;;9997.0;0.0;71800
-2;71900;ASH_COATED_OSMIUM;9990.0;15.0;9987.0;28.0;;;10006.0;15.0;10008.0;28.0;;;9998.0;0.0;71900
-2;72000;ASH_COATED_OSMIUM;9990.0;15.0;;;;;10006.0;15.0;;;;;9998.0;0.0;72000
-2;72100;ASH_COATED_OSMIUM;9990.0;13.0;9987.0;23.0;;;10008.0;23.0;;;;;9999.0;0.0;72100
-2;72200;ASH_COATED_OSMIUM;9990.0;11.0;9987.0;24.0;;;10006.0;11.0;10008.0;24.0;;;9998.0;0.0;72200
-2;72300;ASH_COATED_OSMIUM;9988.0;29.0;;;;;10006.0;10.0;;;;;9997.0;0.0;72300
-2;72400;ASH_COATED_OSMIUM;9990.0;11.0;;;;;10009.0;21.0;;;;;9999.5;0.0;72400
-2;72500;ASH_COATED_OSMIUM;9991.0;15.0;9988.0;22.0;;;10007.0;15.0;10009.0;22.0;;;9999.0;0.0;72500
-2;72600;ASH_COATED_OSMIUM;9991.0;15.0;9988.0;21.0;;;10007.0;15.0;10009.0;21.0;;;9999.0;0.0;72600
-2;72700;ASH_COATED_OSMIUM;10000.0;9.0;9991.0;13.0;;;10007.0;13.0;10009.0;23.0;;;10003.5;0.0;72700
-2;72800;ASH_COATED_OSMIUM;9990.0;10.0;9988.0;25.0;;;10000.0;5.0;10006.0;10.0;10009.0;25.0;9995.0;0.0;72800
-2;72900;ASH_COATED_OSMIUM;9990.0;15.0;9988.0;23.0;;;10006.0;15.0;10009.0;23.0;;;9998.0;0.0;72900
-2;73000;ASH_COATED_OSMIUM;9988.0;24.0;;;;;10006.0;13.0;10009.0;24.0;;;9997.0;0.0;73000
-2;73100;ASH_COATED_OSMIUM;;;;;;;10006.0;11.0;;;;;10006.0;0.0;73100
-2;73200;ASH_COATED_OSMIUM;9991.0;13.0;9989.0;28.0;;;10010.0;28.0;;;;;10000.5;0.0;73200
-2;73300;ASH_COATED_OSMIUM;9991.0;11.0;;;;;10007.0;11.0;10009.0;30.0;;;9999.0;0.0;73300
-2;73400;ASH_COATED_OSMIUM;10000.0;7.0;9991.0;11.0;9988.0;30.0;;;;;;;10000.0;0.0;73400
-2;73500;ASH_COATED_OSMIUM;9990.0;14.0;9988.0;20.0;;;10009.0;20.0;;;;;9999.5;0.0;73500
-2;73600;ASH_COATED_OSMIUM;9990.0;10.0;9988.0;26.0;;;10006.0;10.0;10009.0;26.0;;;9998.0;0.0;73600
-2;73700;ASH_COATED_OSMIUM;9990.0;12.0;9988.0;30.0;;;10006.0;12.0;;;;;9998.0;0.0;73700
-2;73800;ASH_COATED_OSMIUM;9990.0;11.0;9988.0;30.0;;;10006.0;11.0;10009.0;30.0;;;9998.0;0.0;73800
-2;73900;ASH_COATED_OSMIUM;9991.0;13.0;9988.0;26.0;;;10007.0;13.0;10009.0;26.0;;;9999.0;0.0;73900
-2;74000;ASH_COATED_OSMIUM;9991.0;13.0;9988.0;29.0;;;10009.0;29.0;;;;;10000.0;0.0;74000
-2;74100;ASH_COATED_OSMIUM;9990.0;10.0;;;;;10006.0;10.0;10009.0;29.0;;;9998.0;0.0;74100
-2;74200;ASH_COATED_OSMIUM;9991.0;12.0;9988.0;27.0;;;10009.0;27.0;;;;;10000.0;0.0;74200
-2;74300;ASH_COATED_OSMIUM;9988.0;25.0;;;;;10007.0;12.0;10009.0;25.0;;;9997.5;0.0;74300
-2;74400;ASH_COATED_OSMIUM;9991.0;15.0;;;;;10007.0;15.0;10010.0;20.0;;;9999.0;0.0;74400
-2;74500;ASH_COATED_OSMIUM;9991.0;15.0;;;;;10007.0;15.0;10009.0;22.0;;;9999.0;0.0;74500
-2;74600;ASH_COATED_OSMIUM;9989.0;30.0;;;;;10001.0;2.0;10007.0;11.0;10010.0;30.0;9995.0;0.0;74600
-2;74700;ASH_COATED_OSMIUM;9991.0;10.0;9988.0;24.0;;;10007.0;10.0;10009.0;24.0;;;9999.0;0.0;74700
-2;74800;ASH_COATED_OSMIUM;9991.0;14.0;;;;;10007.0;14.0;10009.0;25.0;;;9999.0;0.0;74800
-2;74900;ASH_COATED_OSMIUM;9989.0;24.0;;;;;10007.0;13.0;10010.0;24.0;;;9998.0;0.0;74900
-2;75000;ASH_COATED_OSMIUM;9991.0;12.0;9989.0;30.0;;;10010.0;30.0;;;;;10000.5;0.0;75000
-2;75100;ASH_COATED_OSMIUM;9991.0;12.0;9989.0;25.0;;;10010.0;25.0;;;;;10000.5;0.0;75100
-2;75200;ASH_COATED_OSMIUM;9989.0;20.0;;;;;10010.0;20.0;;;;;9999.5;0.0;75200
-2;75300;ASH_COATED_OSMIUM;9991.0;10.0;9989.0;27.0;;;10001.0;3.0;10007.0;10.0;10010.0;27.0;9996.0;0.0;75300
-2;75400;ASH_COATED_OSMIUM;9989.0;30.0;;;;;;;;;;;9989.0;0.0;75400
-2;75500;ASH_COATED_OSMIUM;9992.0;12.0;9989.0;29.0;;;10008.0;12.0;10010.0;29.0;;;10000.0;0.0;75500
-2;75600;ASH_COATED_OSMIUM;9992.0;11.0;9989.0;20.0;;;10001.0;2.0;10010.0;20.0;;;9996.5;0.0;75600
-2;75700;ASH_COATED_OSMIUM;9991.0;15.0;;;;;10007.0;15.0;10010.0;21.0;;;9999.0;0.0;75700
-2;75800;ASH_COATED_OSMIUM;9991.0;15.0;9989.0;21.0;;;10007.0;15.0;10010.0;21.0;;;9999.0;0.0;75800
-2;75900;ASH_COATED_OSMIUM;9991.0;14.0;9989.0;30.0;;;10007.0;14.0;10010.0;30.0;;;9999.0;0.0;75900
-2;76000;ASH_COATED_OSMIUM;;;;;;;10008.0;15.0;10010.0;21.0;;;10008.0;0.0;76000
-2;76100;ASH_COATED_OSMIUM;9992.0;10.0;9989.0;26.0;;;10008.0;10.0;10010.0;26.0;;;10000.0;0.0;76100
-2;76200;ASH_COATED_OSMIUM;9992.0;14.0;9990.0;26.0;;;10008.0;14.0;10011.0;26.0;;;10000.0;0.0;76200
-2;76300;ASH_COATED_OSMIUM;9990.0;27.0;;;;;10009.0;13.0;10011.0;27.0;;;9999.5;0.0;76300
-2;76400;ASH_COATED_OSMIUM;9992.0;11.0;9990.0;26.0;;;10008.0;11.0;10011.0;26.0;;;10000.0;0.0;76400
-2;76500;ASH_COATED_OSMIUM;9990.0;30.0;;;;;10009.0;13.0;10011.0;30.0;;;9999.5;0.0;76500
-2;76600;ASH_COATED_OSMIUM;10003.0;8.0;9993.0;12.0;9991.0;29.0;10009.0;12.0;10012.0;29.0;;;10006.0;0.0;76600
-2;76700;ASH_COATED_OSMIUM;9993.0;14.0;9990.0;20.0;;;10009.0;14.0;10011.0;20.0;;;10001.0;0.0;76700
-2;76800;ASH_COATED_OSMIUM;;;;;;;10009.0;14.0;10012.0;25.0;;;10009.0;0.0;76800
-2;76900;ASH_COATED_OSMIUM;9991.0;30.0;;;;;10009.0;13.0;10012.0;30.0;;;10000.0;0.0;76900
-2;77000;ASH_COATED_OSMIUM;9994.0;11.0;9991.0;25.0;;;10010.0;11.0;10012.0;25.0;;;10002.0;0.0;77000
-2;77100;ASH_COATED_OSMIUM;9994.0;11.0;;;;;;;;;;;9994.0;0.0;77100
-2;77200;ASH_COATED_OSMIUM;9993.0;15.0;9991.0;26.0;;;10009.0;15.0;10012.0;26.0;;;10001.0;0.0;77200
-2;77300;ASH_COATED_OSMIUM;;;;;;;10009.0;12.0;10012.0;30.0;;;10009.0;0.0;77300
-2;77400;ASH_COATED_OSMIUM;9991.0;27.0;;;;;10009.0;11.0;10012.0;27.0;;;10000.0;0.0;77400
-2;77500;ASH_COATED_OSMIUM;10003.0;9.0;9994.0;10.0;9991.0;20.0;10010.0;10.0;;;;;10006.5;0.0;77500
-2;77600;ASH_COATED_OSMIUM;9991.0;25.0;;;;;10009.0;13.0;10012.0;25.0;;;10000.0;0.0;77600
-2;77700;ASH_COATED_OSMIUM;10003.0;6.0;9994.0;11.0;9991.0;24.0;10012.0;24.0;;;;;10007.5;0.0;77700
-2;77800;ASH_COATED_OSMIUM;10003.0;9.0;9994.0;10.0;9991.0;24.0;10010.0;10.0;10012.0;24.0;;;10006.5;0.0;77800
-2;77900;ASH_COATED_OSMIUM;9994.0;15.0;9991.0;30.0;;;10010.0;15.0;10012.0;30.0;;;10002.0;0.0;77900
-2;78000;ASH_COATED_OSMIUM;9994.0;13.0;9992.0;27.0;;;10013.0;27.0;;;;;10003.5;0.0;78000
-2;78100;ASH_COATED_OSMIUM;9995.0;13.0;9993.0;30.0;;;10011.0;13.0;10014.0;30.0;;;10003.0;0.0;78100
-2;78200;ASH_COATED_OSMIUM;9994.0;15.0;9992.0;20.0;;;10010.0;15.0;10013.0;20.0;;;10002.0;0.0;78200
-2;78300;ASH_COATED_OSMIUM;9994.0;10.0;;;;;10010.0;10.0;10012.0;22.0;;;10002.0;0.0;78300
-2;78400;ASH_COATED_OSMIUM;9994.0;15.0;9992.0;26.0;;;10010.0;15.0;10013.0;26.0;;;10002.0;0.0;78400
-2;78500;ASH_COATED_OSMIUM;9994.0;15.0;9992.0;30.0;;;10000.0;6.0;;;;;9997.0;0.0;78500
-2;78600;ASH_COATED_OSMIUM;9992.0;30.0;;;;;10010.0;10.0;;;;;10001.0;0.0;78600
-2;78700;ASH_COATED_OSMIUM;9994.0;11.0;;;;;10010.0;11.0;10013.0;27.0;;;10002.0;0.0;78700
-2;78800;ASH_COATED_OSMIUM;9994.0;13.0;;;;;;;;;;;9994.0;0.0;78800
-2;78900;ASH_COATED_OSMIUM;9994.0;11.0;9992.0;30.0;;;10010.0;11.0;10013.0;30.0;;;10002.0;0.0;78900
-2;79000;ASH_COATED_OSMIUM;9994.0;15.0;9991.0;21.0;;;10010.0;15.0;;;;;10002.0;0.0;79000
-2;79100;ASH_COATED_OSMIUM;9994.0;15.0;9991.0;27.0;;;10010.0;15.0;10012.0;27.0;;;10002.0;0.0;79100
-2;79200;ASH_COATED_OSMIUM;9994.0;10.0;9991.0;29.0;;;10010.0;10.0;;;;;10002.0;0.0;79200
-2;79300;ASH_COATED_OSMIUM;;;;;;;10009.0;14.0;;;;;10009.0;0.0;79300
-2;79400;ASH_COATED_OSMIUM;9992.0;15.0;9990.0;20.0;;;10008.0;15.0;10011.0;20.0;;;10000.0;0.0;79400
-2;79500;ASH_COATED_OSMIUM;9992.0;10.0;;;;;10008.0;10.0;;;;;10000.0;0.0;79500
-2;79600;ASH_COATED_OSMIUM;9992.0;11.0;;;;;10008.0;11.0;;;;;10000.0;0.0;79600
-2;79700;ASH_COATED_OSMIUM;9992.0;13.0;9990.0;30.0;;;10008.0;13.0;;;;;10000.0;0.0;79700
-2;79800;ASH_COATED_OSMIUM;9990.0;20.0;;;;;10011.0;20.0;;;;;10000.5;0.0;79800
-2;79900;ASH_COATED_OSMIUM;10001.0;8.0;9992.0;10.0;;;10008.0;10.0;;;;;10004.5;0.0;79900
-2;80000;ASH_COATED_OSMIUM;9992.0;11.0;9989.0;30.0;;;10008.0;11.0;10010.0;30.0;;;10000.0;0.0;80000
-2;80100;ASH_COATED_OSMIUM;9992.0;12.0;9989.0;30.0;;;10008.0;12.0;;;;;10000.0;0.0;80100
-2;80200;ASH_COATED_OSMIUM;9992.0;11.0;9989.0;25.0;;;10008.0;11.0;10010.0;25.0;;;10000.0;0.0;80200
-2;80300;ASH_COATED_OSMIUM;9991.0;10.0;9989.0;29.0;;;10007.0;10.0;10010.0;29.0;;;9999.0;0.0;80300
-2;80400;ASH_COATED_OSMIUM;9991.0;14.0;9989.0;23.0;;;10007.0;14.0;;;;;9999.0;0.0;80400
-2;80500;ASH_COATED_OSMIUM;9992.0;12.0;;;;;10008.0;12.0;;;;;10000.0;0.0;80500
-2;80600;ASH_COATED_OSMIUM;9992.0;14.0;9989.0;26.0;;;10008.0;14.0;10010.0;26.0;;;10000.0;0.0;80600
-2;80700;ASH_COATED_OSMIUM;9992.0;10.0;9989.0;27.0;;;10008.0;10.0;10010.0;27.0;;;10000.0;0.0;80700
-2;80800;ASH_COATED_OSMIUM;9991.0;10.0;;;;;10010.0;25.0;;;;;10000.5;0.0;80800
-2;80900;ASH_COATED_OSMIUM;9991.0;11.0;9989.0;28.0;;;10007.0;11.0;10010.0;28.0;;;9999.0;0.0;80900
-2;81000;ASH_COATED_OSMIUM;9991.0;15.0;9989.0;30.0;;;10010.0;30.0;;;;;10000.5;0.0;81000
-2;81100;ASH_COATED_OSMIUM;9989.0;28.0;;;;;10008.0;12.0;;;;;9998.5;0.0;81100
-2;81200;ASH_COATED_OSMIUM;9991.0;11.0;;;;;10007.0;11.0;10010.0;26.0;;;9999.0;0.0;81200
-2;81300;ASH_COATED_OSMIUM;9991.0;14.0;9989.0;20.0;;;10007.0;14.0;10010.0;20.0;;;9999.0;0.0;81300
-2;81400;ASH_COATED_OSMIUM;9992.0;11.0;9989.0;21.0;;;10008.0;11.0;10010.0;21.0;;;10000.0;0.0;81400
-2;81500;ASH_COATED_OSMIUM;9991.0;10.0;9989.0;28.0;;;10010.0;28.0;;;;;10000.5;0.0;81500
-2;81600;ASH_COATED_OSMIUM;9991.0;12.0;9989.0;20.0;;;10007.0;12.0;10010.0;20.0;;;9999.0;0.0;81600
-2;81700;ASH_COATED_OSMIUM;9992.0;12.0;;;;;10008.0;12.0;10010.0;25.0;;;10000.0;0.0;81700
-2;81800;ASH_COATED_OSMIUM;;;;;;;10007.0;15.0;10010.0;28.0;;;10007.0;0.0;81800
-2;81900;ASH_COATED_OSMIUM;9991.0;13.0;9989.0;25.0;;;10010.0;25.0;;;;;10000.5;0.0;81900
-2;82000;ASH_COATED_OSMIUM;9991.0;13.0;9988.0;30.0;;;10007.0;13.0;10009.0;30.0;;;9999.0;0.0;82000
-2;82100;ASH_COATED_OSMIUM;9988.0;21.0;;;;;10007.0;15.0;10009.0;21.0;;;9997.5;0.0;82100
-2;82200;ASH_COATED_OSMIUM;9991.0;11.0;9988.0;28.0;;;10007.0;11.0;10009.0;28.0;;;9999.0;0.0;82200
-2;82300;ASH_COATED_OSMIUM;9990.0;10.0;9988.0;26.0;;;10009.0;26.0;;;;;9999.5;0.0;82300
-2;82400;ASH_COATED_OSMIUM;9991.0;12.0;9988.0;24.0;;;;;;;;;9991.0;0.0;82400
-2;82500;ASH_COATED_OSMIUM;9990.0;10.0;9988.0;24.0;;;10006.0;10.0;10009.0;24.0;;;9998.0;0.0;82500
-2;82600;ASH_COATED_OSMIUM;9988.0;21.0;;;;;10007.0;14.0;10009.0;21.0;;;9997.5;0.0;82600
-2;82700;ASH_COATED_OSMIUM;9988.0;30.0;;;;;10007.0;12.0;;;;;9997.5;0.0;82700
-2;82800;ASH_COATED_OSMIUM;9991.0;10.0;;;;;10009.0;21.0;;;;;10000.0;0.0;82800
-2;82900;ASH_COATED_OSMIUM;9990.0;11.0;9988.0;22.0;;;;;;;;;9990.0;0.0;82900
-2;83000;ASH_COATED_OSMIUM;9991.0;15.0;;;;;10007.0;15.0;10009.0;30.0;;;9999.0;0.0;83000
-2;83100;ASH_COATED_OSMIUM;9991.0;15.0;9988.0;20.0;;;10009.0;20.0;;;;;10000.0;0.0;83100
-2;83200;ASH_COATED_OSMIUM;;;;;;;10007.0;14.0;;;;;10007.0;0.0;83200
-2;83300;ASH_COATED_OSMIUM;9991.0;10.0;9988.0;22.0;;;10007.0;10.0;;;;;9999.0;0.0;83300
-2;83400;ASH_COATED_OSMIUM;9991.0;13.0;9988.0;28.0;;;10009.0;28.0;;;;;10000.0;0.0;83400
-2;83500;ASH_COATED_OSMIUM;9991.0;13.0;9988.0;27.0;;;10009.0;27.0;;;;;10000.0;0.0;83500
-2;83600;ASH_COATED_OSMIUM;9991.0;10.0;9989.0;23.0;;;10007.0;10.0;10010.0;23.0;;;9999.0;0.0;83600
-2;83700;ASH_COATED_OSMIUM;9991.0;12.0;;;;;10007.0;12.0;10010.0;26.0;;;9999.0;0.0;83700
-2;83800;ASH_COATED_OSMIUM;9991.0;15.0;;;;;10007.0;15.0;;;;;9999.0;0.0;83800
-2;83900;ASH_COATED_OSMIUM;9991.0;15.0;9988.0;26.0;;;10007.0;15.0;10009.0;26.0;;;9999.0;0.0;83900
-2;84000;ASH_COATED_OSMIUM;9991.0;12.0;9989.0;25.0;;;;;;;;;9991.0;0.0;84000
-2;84100;ASH_COATED_OSMIUM;9991.0;10.0;9988.0;26.0;;;10007.0;10.0;10009.0;26.0;;;9999.0;0.0;84100
-2;84200;ASH_COATED_OSMIUM;9991.0;13.0;9988.0;25.0;;;10007.0;13.0;10009.0;25.0;;;9999.0;0.0;84200
-2;84300;ASH_COATED_OSMIUM;9991.0;14.0;9988.0;25.0;;;10007.0;14.0;;;;;9999.0;0.0;84300
-2;84400;ASH_COATED_OSMIUM;;;;;;;10006.0;10.0;10008.0;28.0;;;10006.0;0.0;84400
-2;84500;ASH_COATED_OSMIUM;9990.0;14.0;;;;;10006.0;14.0;10008.0;28.0;;;9998.0;0.0;84500
-2;84600;ASH_COATED_OSMIUM;9990.0;11.0;9988.0;26.0;;;10006.0;11.0;;;;;9998.0;0.0;84600
-2;84700;ASH_COATED_OSMIUM;9987.0;26.0;;;;;10006.0;10.0;10008.0;26.0;;;9996.5;0.0;84700
-2;84800;ASH_COATED_OSMIUM;9990.0;13.0;9988.0;23.0;;;10006.0;13.0;10009.0;23.0;;;9998.0;0.0;84800
-2;84900;ASH_COATED_OSMIUM;9990.0;12.0;9988.0;26.0;;;10006.0;12.0;;;;;9998.0;0.0;84900
-2;85000;ASH_COATED_OSMIUM;9990.0;15.0;9988.0;30.0;;;10006.0;15.0;10009.0;30.0;;;9998.0;0.0;85000
-2;85100;ASH_COATED_OSMIUM;9990.0;11.0;9987.0;25.0;;;10008.0;25.0;;;;;9999.0;0.0;85100
-2;85200;ASH_COATED_OSMIUM;9987.0;26.0;;;;;10006.0;14.0;10008.0;26.0;;;9996.5;0.0;85200
-2;85300;ASH_COATED_OSMIUM;9990.0;11.0;;;;;10006.0;11.0;10008.0;26.0;;;9998.0;0.0;85300
-2;85400;ASH_COATED_OSMIUM;9990.0;10.0;9987.0;28.0;;;10006.0;10.0;10008.0;28.0;;;9998.0;0.0;85400
-2;85500;ASH_COATED_OSMIUM;9996.0;5.0;9990.0;15.0;9988.0;28.0;10006.0;15.0;10009.0;28.0;;;10001.0;0.0;85500
-2;85600;ASH_COATED_OSMIUM;9991.0;13.0;9988.0;28.0;;;10007.0;13.0;10009.0;28.0;;;9999.0;0.0;85600
-2;85700;ASH_COATED_OSMIUM;9991.0;12.0;9988.0;28.0;;;10007.0;12.0;10009.0;28.0;;;9999.0;0.0;85700
-2;85800;ASH_COATED_OSMIUM;9991.0;14.0;9988.0;28.0;;;10007.0;14.0;10009.0;28.0;;;9999.0;0.0;85800
-2;85900;ASH_COATED_OSMIUM;9991.0;10.0;9988.0;29.0;;;;;;;;;9991.0;0.0;85900
-2;86000;ASH_COATED_OSMIUM;9991.0;10.0;;;;;10009.0;22.0;;;;;10000.0;0.0;86000
-2;86100;ASH_COATED_OSMIUM;9991.0;15.0;;;;;10007.0;15.0;10009.0;20.0;;;9999.0;0.0;86100
-2;86200;ASH_COATED_OSMIUM;9991.0;14.0;9989.0;28.0;;;10010.0;28.0;;;;;10000.5;0.0;86200
-2;86300;ASH_COATED_OSMIUM;9991.0;13.0;;;;;10007.0;13.0;10010.0;28.0;;;9999.0;0.0;86300
-2;86400;ASH_COATED_OSMIUM;9992.0;11.0;9989.0;30.0;;;10008.0;11.0;10010.0;30.0;;;10000.0;0.0;86400
-2;86500;ASH_COATED_OSMIUM;9991.0;11.0;9989.0;21.0;;;9997.0;6.0;;;;;9994.0;0.0;86500
-2;86600;ASH_COATED_OSMIUM;9991.0;10.0;;;;;10007.0;10.0;;;;;9999.0;0.0;86600
-2;86700;ASH_COATED_OSMIUM;9991.0;14.0;9988.0;21.0;;;10007.0;14.0;10009.0;21.0;;;9999.0;0.0;86700
-2;86800;ASH_COATED_OSMIUM;9991.0;15.0;9988.0;23.0;;;10007.0;15.0;10009.0;23.0;;;9999.0;0.0;86800
-2;86900;ASH_COATED_OSMIUM;10001.0;5.0;;;;;10010.0;22.0;;;;;10005.5;0.0;86900
-2;87000;ASH_COATED_OSMIUM;9991.0;15.0;9989.0;22.0;;;10007.0;15.0;10010.0;22.0;;;9999.0;0.0;87000
-2;87100;ASH_COATED_OSMIUM;9991.0;12.0;9989.0;23.0;;;10007.0;12.0;10010.0;23.0;;;9999.0;0.0;87100
-2;87200;ASH_COATED_OSMIUM;9991.0;15.0;;;;;10007.0;15.0;10010.0;20.0;;;9999.0;0.0;87200
-2;87300;ASH_COATED_OSMIUM;9992.0;11.0;9989.0;30.0;;;10008.0;11.0;10010.0;30.0;;;10000.0;0.0;87300
-2;87400;ASH_COATED_OSMIUM;9991.0;12.0;9988.0;28.0;;;10007.0;12.0;10009.0;28.0;;;9999.0;0.0;87400
-2;87500;ASH_COATED_OSMIUM;9988.0;22.0;;;;;10007.0;14.0;10009.0;22.0;;;9997.5;0.0;87500
-2;87600;ASH_COATED_OSMIUM;9990.0;13.0;;;;;10009.0;28.0;;;;;9999.5;0.0;87600
-2;87700;ASH_COATED_OSMIUM;9988.0;20.0;;;;;10006.0;12.0;10009.0;20.0;;;9997.0;0.0;87700
-2;87800;ASH_COATED_OSMIUM;9996.0;5.0;9988.0;20.0;;;10006.0;14.0;10009.0;20.0;;;10001.0;0.0;87800
-2;87900;ASH_COATED_OSMIUM;9991.0;14.0;9988.0;25.0;;;10007.0;14.0;10009.0;25.0;;;9999.0;0.0;87900
-2;88000;ASH_COATED_OSMIUM;9991.0;12.0;9988.0;25.0;;;;;;;;;9991.0;0.0;88000
-2;88100;ASH_COATED_OSMIUM;9991.0;10.0;9988.0;28.0;;;10007.0;10.0;10009.0;28.0;;;9999.0;0.0;88100
-2;88200;ASH_COATED_OSMIUM;9990.0;11.0;9988.0;26.0;;;10006.0;11.0;10009.0;26.0;;;9998.0;0.0;88200
-2;88300;ASH_COATED_OSMIUM;9990.0;11.0;;;;;10006.0;11.0;10009.0;24.0;;;9998.0;0.0;88300
-2;88400;ASH_COATED_OSMIUM;9990.0;10.0;9988.0;28.0;;;10009.0;28.0;;;;;9999.5;0.0;88400
-2;88500;ASH_COATED_OSMIUM;9990.0;12.0;9987.0;20.0;;;10006.0;12.0;10008.0;20.0;;;9998.0;0.0;88500
-2;88600;ASH_COATED_OSMIUM;9990.0;12.0;9987.0;25.0;;;10006.0;12.0;10008.0;25.0;;;9998.0;0.0;88600
-2;88700;ASH_COATED_OSMIUM;9989.0;11.0;;;;;10005.0;11.0;10008.0;28.0;;;9997.0;0.0;88700
-2;88800;ASH_COATED_OSMIUM;9988.0;10.0;9986.0;29.0;;;10004.0;10.0;10007.0;29.0;;;9996.0;0.0;88800
-2;88900;ASH_COATED_OSMIUM;9988.0;15.0;9986.0;27.0;;;10004.0;15.0;10007.0;27.0;;;9996.0;0.0;88900
-2;89000;ASH_COATED_OSMIUM;9988.0;10.0;9986.0;23.0;;;10004.0;10.0;10007.0;23.0;;;9996.0;0.0;89000
-2;89100;ASH_COATED_OSMIUM;9986.0;27.0;;;;;10004.0;11.0;10007.0;27.0;;;9995.0;0.0;89100
-2;89200;ASH_COATED_OSMIUM;9988.0;15.0;9986.0;28.0;;;10004.0;15.0;10007.0;28.0;;;9996.0;0.0;89200
-2;89300;ASH_COATED_OSMIUM;9988.0;12.0;9985.0;25.0;;;10004.0;12.0;;;;;9996.0;0.0;89300
-2;89400;ASH_COATED_OSMIUM;9985.0;22.0;;;;;10003.0;10.0;10006.0;22.0;;;9994.0;0.0;89400
-2;89500;ASH_COATED_OSMIUM;9988.0;12.0;9985.0;26.0;;;10004.0;12.0;10006.0;26.0;;;9996.0;0.0;89500
-2;89600;ASH_COATED_OSMIUM;9988.0;14.0;9985.0;26.0;;;10004.0;14.0;10006.0;26.0;;;9996.0;0.0;89600
-2;89700;ASH_COATED_OSMIUM;9988.0;15.0;;;;;10004.0;15.0;10006.0;28.0;;;9996.0;0.0;89700
-2;89800;ASH_COATED_OSMIUM;9985.0;27.0;;;;;10004.0;11.0;10006.0;27.0;;;9994.5;0.0;89800
-2;89900;ASH_COATED_OSMIUM;9988.0;13.0;9985.0;26.0;;;10004.0;13.0;10006.0;26.0;;;9996.0;0.0;89900
-2;90000;ASH_COATED_OSMIUM;9985.0;24.0;;;;;10004.0;14.0;10006.0;24.0;;;9994.5;0.0;90000
-2;90100;ASH_COATED_OSMIUM;9988.0;13.0;9985.0;27.0;;;10004.0;13.0;;;;;9996.0;0.0;90100
-2;90200;ASH_COATED_OSMIUM;9987.0;13.0;;;;;10003.0;13.0;10006.0;21.0;;;9995.0;0.0;90200
-2;90300;ASH_COATED_OSMIUM;9987.0;13.0;9985.0;23.0;;;10003.0;13.0;10006.0;23.0;;;9995.0;0.0;90300
-2;90400;ASH_COATED_OSMIUM;9987.0;15.0;9985.0;25.0;;;10003.0;15.0;;;;;9995.0;0.0;90400
-2;90500;ASH_COATED_OSMIUM;9988.0;15.0;;;;;10006.0;24.0;;;;;9997.0;0.0;90500
-2;90600;ASH_COATED_OSMIUM;9987.0;13.0;9985.0;25.0;;;10003.0;13.0;;;;;9995.0;0.0;90600
-2;90700;ASH_COATED_OSMIUM;9988.0;14.0;9985.0;27.0;;;10004.0;14.0;;;;;9996.0;0.0;90700
-2;90800;ASH_COATED_OSMIUM;9988.0;13.0;9985.0;25.0;;;10004.0;13.0;10006.0;25.0;;;9996.0;0.0;90800
-2;90900;ASH_COATED_OSMIUM;;;;;;;10004.0;14.0;;;;;10004.0;0.0;90900
-2;91000;ASH_COATED_OSMIUM;9985.0;30.0;;;;;10004.0;12.0;10006.0;30.0;;;9994.5;0.0;91000
-2;91100;ASH_COATED_OSMIUM;9988.0;11.0;9985.0;21.0;;;10004.0;11.0;10006.0;21.0;;;9996.0;0.0;91100
-2;91200;ASH_COATED_OSMIUM;9988.0;11.0;9985.0;26.0;;;10004.0;11.0;;;;;9996.0;0.0;91200
-2;91300;ASH_COATED_OSMIUM;9985.0;27.0;;;;;10006.0;27.0;;;;;9995.5;0.0;91300
-2;91400;ASH_COATED_OSMIUM;9986.0;12.0;9984.0;22.0;;;10005.0;22.0;;;;;9995.5;0.0;91400
-2;91500;ASH_COATED_OSMIUM;9986.0;10.0;;;;;10002.0;10.0;10004.0;26.0;;;9994.0;0.0;91500
-2;91600;ASH_COATED_OSMIUM;9986.0;12.0;;;;;10002.0;12.0;10005.0;29.0;;;9994.0;0.0;91600
-2;91700;ASH_COATED_OSMIUM;9986.0;15.0;9984.0;21.0;;;9992.0;9.0;10002.0;15.0;10005.0;21.0;9989.0;0.0;91700
-2;91800;ASH_COATED_OSMIUM;9986.0;10.0;9983.0;24.0;;;10002.0;10.0;10004.0;24.0;;;9994.0;0.0;91800
-2;91900;ASH_COATED_OSMIUM;9985.0;12.0;9983.0;22.0;;;;;;;;;9985.0;0.0;91900
-2;92000;ASH_COATED_OSMIUM;9986.0;13.0;9983.0;28.0;;;10002.0;13.0;10004.0;28.0;;;9994.0;0.0;92000
-2;92100;ASH_COATED_OSMIUM;9986.0;13.0;;;;;10002.0;13.0;;;;;9994.0;0.0;92100
-2;92200;ASH_COATED_OSMIUM;9986.0;12.0;9984.0;28.0;;;10005.0;28.0;;;;;9995.5;0.0;92200
-2;92300;ASH_COATED_OSMIUM;9986.0;14.0;9984.0;27.0;;;10002.0;14.0;10005.0;27.0;;;9994.0;0.0;92300
-2;92400;ASH_COATED_OSMIUM;9986.0;12.0;9984.0;25.0;;;10005.0;25.0;;;;;9995.5;0.0;92400
-2;92500;ASH_COATED_OSMIUM;9987.0;12.0;;;;;10003.0;12.0;10005.0;26.0;;;9995.0;0.0;92500
-2;92600;ASH_COATED_OSMIUM;9985.0;22.0;;;;;10003.0;12.0;10006.0;22.0;;;9994.0;0.0;92600
-2;92700;ASH_COATED_OSMIUM;9987.0;13.0;9985.0;20.0;;;10003.0;13.0;10006.0;20.0;;;9995.0;0.0;92700
-2;92800;ASH_COATED_OSMIUM;9987.0;12.0;9985.0;22.0;;;10003.0;12.0;;;;;9995.0;0.0;92800
-2;92900;ASH_COATED_OSMIUM;9987.0;13.0;9985.0;21.0;;;10006.0;21.0;;;;;9996.5;0.0;92900
-2;93000;ASH_COATED_OSMIUM;9985.0;20.0;;;;;10004.0;10.0;10006.0;20.0;;;9994.5;0.0;93000
-2;93100;ASH_COATED_OSMIUM;9986.0;20.0;;;;;10004.0;10.0;;;;;9995.0;0.0;93100
-2;93200;ASH_COATED_OSMIUM;9994.0;4.0;9988.0;14.0;9986.0;28.0;10007.0;28.0;;;;;10000.5;0.0;93200
-2;93300;ASH_COATED_OSMIUM;9989.0;13.0;9986.0;24.0;;;;;;;;;9989.0;0.0;93300
-2;93400;ASH_COATED_OSMIUM;;;;;;;10005.0;13.0;10007.0;24.0;;;10005.0;0.0;93400
-2;93500;ASH_COATED_OSMIUM;9989.0;15.0;9986.0;28.0;;;10005.0;15.0;10007.0;28.0;;;9997.0;0.0;93500
-2;93600;ASH_COATED_OSMIUM;9988.0;11.0;9986.0;30.0;;;10004.0;11.0;10007.0;30.0;;;9996.0;0.0;93600
-2;93700;ASH_COATED_OSMIUM;9989.0;10.0;;;;;10005.0;10.0;10007.0;29.0;;;9997.0;0.0;93700
-2;93800;ASH_COATED_OSMIUM;9989.0;13.0;9986.0;26.0;;;10005.0;13.0;10007.0;26.0;;;9997.0;0.0;93800
-2;93900;ASH_COATED_OSMIUM;9988.0;15.0;9986.0;28.0;;;10004.0;15.0;10007.0;28.0;;;9996.0;0.0;93900
-2;94000;ASH_COATED_OSMIUM;9988.0;13.0;9986.0;28.0;;;10004.0;13.0;10007.0;28.0;;;9996.0;0.0;94000
-2;94100;ASH_COATED_OSMIUM;9988.0;14.0;;;;;10004.0;14.0;10006.0;28.0;;;9996.0;0.0;94100
-2;94200;ASH_COATED_OSMIUM;9988.0;13.0;9986.0;24.0;;;10007.0;24.0;;;;;9997.5;0.0;94200
-2;94300;ASH_COATED_OSMIUM;9988.0;15.0;9986.0;22.0;;;10004.0;15.0;;;;;9996.0;0.0;94300
-2;94400;ASH_COATED_OSMIUM;9988.0;14.0;;;;;10004.0;14.0;;;;;9996.0;0.0;94400
-2;94500;ASH_COATED_OSMIUM;9986.0;23.0;;;;;10004.0;13.0;10007.0;23.0;;;9995.0;0.0;94500
-2;94600;ASH_COATED_OSMIUM;9985.0;30.0;;;;;;;;;;;9985.0;0.0;94600
-2;94700;ASH_COATED_OSMIUM;9988.0;15.0;;;;;;;;;;;9988.0;0.0;94700
-2;94800;ASH_COATED_OSMIUM;9988.0;11.0;9986.0;25.0;;;10004.0;11.0;;;;;9996.0;0.0;94800
-2;94900;ASH_COATED_OSMIUM;9988.0;10.0;9986.0;30.0;;;10004.0;10.0;10007.0;30.0;;;9996.0;0.0;94900
-2;95000;ASH_COATED_OSMIUM;9988.0;10.0;9986.0;21.0;;;10004.0;10.0;10006.0;21.0;;;9996.0;0.0;95000
-2;95100;ASH_COATED_OSMIUM;9986.0;23.0;;;;;10004.0;12.0;10007.0;23.0;;;9995.0;0.0;95100
-2;95200;ASH_COATED_OSMIUM;9989.0;10.0;9986.0;23.0;;;;;;;;;9989.0;0.0;95200
-2;95300;ASH_COATED_OSMIUM;9987.0;30.0;;;;;;;;;;;9987.0;0.0;95300
-2;95400;ASH_COATED_OSMIUM;9989.0;14.0;9987.0;23.0;;;10005.0;14.0;;;;;9997.0;0.0;95400
-2;95500;ASH_COATED_OSMIUM;;;;;;;10006.0;13.0;10008.0;21.0;;;10006.0;0.0;95500
-2;95600;ASH_COATED_OSMIUM;9989.0;15.0;;;;;9999.0;2.0;10005.0;15.0;10008.0;21.0;9994.0;0.0;95600
-2;95700;ASH_COATED_OSMIUM;9987.0;30.0;;;;;10005.0;11.0;10008.0;30.0;;;9996.0;0.0;95700
-2;95800;ASH_COATED_OSMIUM;9989.0;13.0;9987.0;25.0;;;10005.0;13.0;;;;;9997.0;0.0;95800
-2;95900;ASH_COATED_OSMIUM;9989.0;10.0;;;;;9999.0;5.0;10005.0;10.0;10008.0;24.0;9994.0;0.0;95900
-2;96000;ASH_COATED_OSMIUM;9995.0;2.0;9990.0;10.0;9987.0;21.0;10006.0;10.0;10008.0;21.0;;;10000.5;0.0;96000
-2;96100;ASH_COATED_OSMIUM;9990.0;10.0;;;;;10006.0;10.0;10008.0;30.0;;;9998.0;0.0;96100
-2;96200;ASH_COATED_OSMIUM;9990.0;11.0;9987.0;27.0;;;10006.0;11.0;;;;;9998.0;0.0;96200
-2;96300;ASH_COATED_OSMIUM;9990.0;10.0;9987.0;24.0;;;10006.0;10.0;;;;;9998.0;0.0;96300
-2;96400;ASH_COATED_OSMIUM;9989.0;12.0;9987.0;26.0;;;10005.0;12.0;10008.0;26.0;;;9997.0;0.0;96400
-2;96500;ASH_COATED_OSMIUM;9989.0;10.0;9986.0;21.0;;;10005.0;10.0;10007.0;21.0;;;9997.0;0.0;96500
-2;96600;ASH_COATED_OSMIUM;9988.0;13.0;9986.0;29.0;;;10004.0;13.0;10007.0;29.0;;;9996.0;0.0;96600
-2;96700;ASH_COATED_OSMIUM;9989.0;14.0;9986.0;23.0;;;10005.0;14.0;10007.0;23.0;;;9997.0;0.0;96700
-2;96800;ASH_COATED_OSMIUM;9989.0;10.0;9986.0;25.0;;;10005.0;10.0;10007.0;25.0;;;9997.0;0.0;96800
-2;96900;ASH_COATED_OSMIUM;9988.0;13.0;9986.0;21.0;;;10004.0;13.0;10007.0;21.0;;;9996.0;0.0;96900
-2;97000;ASH_COATED_OSMIUM;9998.0;7.0;9989.0;12.0;9986.0;23.0;10005.0;12.0;10007.0;23.0;;;10001.5;0.0;97000
-2;97100;ASH_COATED_OSMIUM;;;;;;;10005.0;14.0;;;;;10005.0;0.0;97100
-2;97200;ASH_COATED_OSMIUM;9989.0;14.0;9986.0;22.0;;;9994.0;3.0;10005.0;14.0;10007.0;22.0;9991.5;0.0;97200
-2;97300;ASH_COATED_OSMIUM;9989.0;14.0;9986.0;30.0;;;10005.0;14.0;10007.0;30.0;;;9997.0;0.0;97300
-2;97400;ASH_COATED_OSMIUM;9989.0;10.0;9986.0;30.0;;;10005.0;10.0;10007.0;30.0;;;9997.0;0.0;97400
-2;97500;ASH_COATED_OSMIUM;9989.0;12.0;9987.0;21.0;;;10005.0;12.0;10008.0;21.0;;;9997.0;0.0;97500
-2;97600;ASH_COATED_OSMIUM;9987.0;30.0;;;;;9999.0;3.0;10005.0;15.0;10008.0;30.0;9993.0;0.0;97600
-2;97700;ASH_COATED_OSMIUM;9989.0;12.0;9987.0;30.0;;;10008.0;30.0;;;;;9998.5;0.0;97700
-2;97800;ASH_COATED_OSMIUM;9989.0;12.0;9987.0;24.0;;;10008.0;24.0;;;;;9998.5;0.0;97800
-2;97900;ASH_COATED_OSMIUM;9995.0;2.0;9990.0;10.0;9987.0;29.0;10006.0;10.0;10008.0;29.0;;;10000.5;0.0;97900
-2;98000;ASH_COATED_OSMIUM;9989.0;14.0;9987.0;30.0;;;10005.0;14.0;10008.0;30.0;;;9997.0;0.0;98000
-2;98100;ASH_COATED_OSMIUM;9987.0;26.0;;;;;10005.0;14.0;10008.0;26.0;;;9996.0;0.0;98100
-2;98200;ASH_COATED_OSMIUM;9990.0;10.0;9987.0;26.0;;;10006.0;10.0;10008.0;26.0;;;9998.0;0.0;98200
-2;98300;ASH_COATED_OSMIUM;9990.0;11.0;9987.0;24.0;;;10006.0;11.0;;;;;9998.0;0.0;98300
-2;98400;ASH_COATED_OSMIUM;9990.0;13.0;9987.0;26.0;;;10006.0;13.0;10008.0;26.0;;;9998.0;0.0;98400
-2;98500;ASH_COATED_OSMIUM;9987.0;24.0;;;;;10005.0;14.0;10008.0;24.0;;;9996.0;0.0;98500
-2;98600;ASH_COATED_OSMIUM;9989.0;13.0;;;;;10005.0;13.0;10008.0;20.0;;;9997.0;0.0;98600
-2;98700;ASH_COATED_OSMIUM;9989.0;15.0;9987.0;27.0;;;10005.0;15.0;10008.0;27.0;;;9997.0;0.0;98700
-2;98800;ASH_COATED_OSMIUM;9987.0;30.0;;;;;10005.0;13.0;;;;;9996.0;0.0;98800
-2;98900;ASH_COATED_OSMIUM;9989.0;13.0;9986.0;24.0;;;10005.0;13.0;10007.0;24.0;;;9997.0;0.0;98900
-2;99000;ASH_COATED_OSMIUM;9989.0;11.0;9986.0;21.0;;;10005.0;11.0;10007.0;21.0;;;9997.0;0.0;99000
-2;99100;ASH_COATED_OSMIUM;9988.0;11.0;;;;;10004.0;11.0;10007.0;20.0;;;9996.0;0.0;99100
-2;99200;ASH_COATED_OSMIUM;;;;;;;10004.0;10.0;10007.0;29.0;;;10004.0;0.0;99200
-2;99300;ASH_COATED_OSMIUM;9988.0;12.0;9986.0;20.0;;;10004.0;12.0;10007.0;20.0;;;9996.0;0.0;99300
-2;99400;ASH_COATED_OSMIUM;9985.0;24.0;;;;;10004.0;13.0;10006.0;24.0;;;9994.5;0.0;99400
-2;99500;ASH_COATED_OSMIUM;9988.0;11.0;;;;;10004.0;11.0;10006.0;28.0;;;9996.0;0.0;99500
-2;99600;ASH_COATED_OSMIUM;9987.0;15.0;;;;;10005.0;28.0;;;;;9996.0;0.0;99600
-2;99700;ASH_COATED_OSMIUM;9984.0;30.0;;;;;10005.0;30.0;;;;;9994.5;0.0;99700
-2;99800;ASH_COATED_OSMIUM;9987.0;14.0;9984.0;27.0;;;10003.0;14.0;10005.0;27.0;;;9995.0;0.0;99800
-2;99900;ASH_COATED_OSMIUM;9987.0;15.0;9985.0;26.0;;;10003.0;15.0;10006.0;26.0;;;9995.0;0.0;99900
-2;100000;ASH_COATED_OSMIUM;9987.0;14.0;;;;;10003.0;14.0;10006.0;30.0;;;9995.0;0.0;100000
-2;100100;ASH_COATED_OSMIUM;9993.0;3.0;9987.0;13.0;;;10003.0;13.0;10006.0;26.0;;;9998.0;0.0;100100
-2;100200;ASH_COATED_OSMIUM;9987.0;10.0;9984.0;22.0;;;10003.0;10.0;10005.0;22.0;;;9995.0;0.0;100200
-2;100300;ASH_COATED_OSMIUM;9986.0;11.0;;;;;10002.0;11.0;10005.0;27.0;;;9994.0;0.0;100300
-2;100400;ASH_COATED_OSMIUM;9986.0;11.0;9984.0;20.0;;;9992.0;4.0;;;;;9989.0;0.0;100400
-2;100500;ASH_COATED_OSMIUM;9984.0;22.0;;;;;10005.0;22.0;;;;;9994.5;0.0;100500
-2;100600;ASH_COATED_OSMIUM;9991.0;2.0;9983.0;30.0;;;10002.0;11.0;;;;;9996.5;0.0;100600
-2;100700;ASH_COATED_OSMIUM;9986.0;14.0;9983.0;25.0;;;10002.0;14.0;10004.0;25.0;;;9994.0;0.0;100700
-2;100800;ASH_COATED_OSMIUM;9986.0;11.0;9983.0;21.0;;;10002.0;11.0;10004.0;21.0;;;9994.0;0.0;100800
-2;100900;ASH_COATED_OSMIUM;9986.0;14.0;9983.0;24.0;;;10002.0;14.0;10004.0;24.0;;;9994.0;0.0;100900
-2;101000;ASH_COATED_OSMIUM;9986.0;11.0;9983.0;20.0;;;10002.0;11.0;;;;;9994.0;0.0;101000
-2;101100;ASH_COATED_OSMIUM;9986.0;12.0;9983.0;27.0;;;10002.0;12.0;10004.0;27.0;;;9994.0;0.0;101100
-2;101200;ASH_COATED_OSMIUM;9986.0;15.0;;;;;10002.0;15.0;10004.0;21.0;;;9994.0;0.0;101200
-2;101300;ASH_COATED_OSMIUM;9986.0;13.0;9983.0;27.0;;;10004.0;27.0;;;;;9995.0;0.0;101300
-2;101400;ASH_COATED_OSMIUM;9995.0;10.0;9986.0;11.0;9983.0;24.0;10002.0;11.0;;;;;9998.5;0.0;101400
-2;101500;ASH_COATED_OSMIUM;9985.0;14.0;;;;;10001.0;14.0;10004.0;26.0;;;9993.0;0.0;101500
-2;101600;ASH_COATED_OSMIUM;9983.0;26.0;;;;;10001.0;10.0;10004.0;26.0;;;9992.0;0.0;101600
-2;101700;ASH_COATED_OSMIUM;9985.0;12.0;;;;;10001.0;12.0;10004.0;22.0;;;9993.0;0.0;101700
-2;101800;ASH_COATED_OSMIUM;9986.0;14.0;;;;;10002.0;14.0;10004.0;23.0;;;9994.0;0.0;101800
-2;101900;ASH_COATED_OSMIUM;9986.0;11.0;9983.0;20.0;;;;;;;;;9986.0;0.0;101900
-2;102000;ASH_COATED_OSMIUM;9985.0;13.0;9983.0;24.0;;;10004.0;24.0;;;;;9994.5;0.0;102000
-2;102100;ASH_COATED_OSMIUM;9986.0;10.0;9983.0;22.0;;;10002.0;10.0;10004.0;22.0;;;9994.0;0.0;102100
-2;102200;ASH_COATED_OSMIUM;9995.0;5.0;9985.0;10.0;;;10001.0;10.0;;;;;9998.0;0.0;102200
-2;102300;ASH_COATED_OSMIUM;9985.0;10.0;9983.0;29.0;;;;;;;;;9985.0;0.0;102300
-2;102400;ASH_COATED_OSMIUM;9990.0;5.0;9985.0;14.0;;;10001.0;14.0;10003.0;30.0;;;9995.5;0.0;102400
-2;102500;ASH_COATED_OSMIUM;9985.0;15.0;9982.0;28.0;;;10001.0;15.0;10003.0;28.0;;;9993.0;0.0;102500
-2;102600;ASH_COATED_OSMIUM;9985.0;15.0;9983.0;22.0;;;10001.0;15.0;10004.0;22.0;;;9993.0;0.0;102600
-2;102700;ASH_COATED_OSMIUM;9991.0;5.0;9985.0;13.0;9983.0;21.0;10004.0;21.0;;;;;9997.5;0.0;102700
-2;102800;ASH_COATED_OSMIUM;9983.0;28.0;;;;;10001.0;14.0;10004.0;28.0;;;9992.0;0.0;102800
-2;102900;ASH_COATED_OSMIUM;9983.0;23.0;;;;;10001.0;11.0;10004.0;23.0;;;9992.0;0.0;102900
-2;103000;ASH_COATED_OSMIUM;9985.0;10.0;9983.0;28.0;;;10001.0;10.0;10004.0;28.0;;;9993.0;0.0;103000
-2;103100;ASH_COATED_OSMIUM;;;;;;;10002.0;10.0;10004.0;22.0;;;10002.0;0.0;103100
-2;103200;ASH_COATED_OSMIUM;9986.0;11.0;9984.0;23.0;;;10005.0;23.0;;;;;9995.5;0.0;103200
-2;103300;ASH_COATED_OSMIUM;9986.0;11.0;;;;;9992.0;9.0;10005.0;21.0;;;9989.0;0.0;103300
-2;103400;ASH_COATED_OSMIUM;9987.0;10.0;9984.0;28.0;;;9996.0;3.0;10003.0;10.0;10005.0;28.0;9991.5;0.0;103400
-2;103500;ASH_COATED_OSMIUM;9988.0;14.0;9985.0;29.0;;;10004.0;14.0;10006.0;29.0;;;9996.0;0.0;103500
-2;103600;ASH_COATED_OSMIUM;9988.0;13.0;9985.0;29.0;;;10004.0;13.0;10006.0;29.0;;;9996.0;0.0;103600
-2;103700;ASH_COATED_OSMIUM;9997.0;10.0;9985.0;20.0;;;10004.0;14.0;10006.0;20.0;;;10000.5;0.0;103700
-2;103800;ASH_COATED_OSMIUM;9988.0;12.0;;;;;10004.0;12.0;10006.0;29.0;;;9996.0;0.0;103800
-2;103900;ASH_COATED_OSMIUM;9988.0;13.0;;;;;10004.0;13.0;10006.0;22.0;;;9996.0;0.0;103900
-2;104000;ASH_COATED_OSMIUM;9988.0;11.0;9985.0;29.0;;;;;;;;;9988.0;0.0;104000
-2;104100;ASH_COATED_OSMIUM;9988.0;10.0;9985.0;30.0;;;10004.0;10.0;;;;;9996.0;0.0;104100
-2;104200;ASH_COATED_OSMIUM;9988.0;15.0;;;;;10004.0;15.0;;;;;9996.0;0.0;104200
-2;104300;ASH_COATED_OSMIUM;9988.0;14.0;;;;;10004.0;14.0;10006.0;23.0;;;9996.0;0.0;104300
-2;104400;ASH_COATED_OSMIUM;;;;;;;10004.0;13.0;10007.0;21.0;;;10004.0;0.0;104400
-2;104500;ASH_COATED_OSMIUM;9989.0;11.0;9987.0;25.0;;;10005.0;11.0;10008.0;25.0;;;9997.0;0.0;104500
-2;104600;ASH_COATED_OSMIUM;9989.0;14.0;9986.0;26.0;;;10005.0;14.0;10007.0;26.0;;;9997.0;0.0;104600
-2;104700;ASH_COATED_OSMIUM;9989.0;15.0;9986.0;24.0;;;10005.0;15.0;;;;;9997.0;0.0;104700
-2;104800;ASH_COATED_OSMIUM;9989.0;13.0;9987.0;25.0;;;10005.0;13.0;10008.0;25.0;;;9997.0;0.0;104800
-2;104900;ASH_COATED_OSMIUM;9989.0;12.0;9987.0;27.0;;;10005.0;12.0;10008.0;27.0;;;9997.0;0.0;104900
-2;105000;ASH_COATED_OSMIUM;;;;;;;10005.0;10.0;10008.0;29.0;;;10005.0;0.0;105000
-2;105100;ASH_COATED_OSMIUM;9990.0;11.0;9987.0;27.0;;;10006.0;11.0;10008.0;27.0;;;9998.0;0.0;105100
-2;105200;ASH_COATED_OSMIUM;9987.0;20.0;;;;;10005.0;13.0;;;;;9996.0;0.0;105200
-2;105300;ASH_COATED_OSMIUM;9995.0;4.0;9989.0;11.0;9987.0;23.0;10005.0;11.0;10008.0;23.0;;;10000.0;0.0;105300
-2;105400;ASH_COATED_OSMIUM;9987.0;29.0;;;;;10005.0;13.0;10008.0;29.0;;;9996.0;0.0;105400
-2;105500;ASH_COATED_OSMIUM;9989.0;12.0;9986.0;21.0;;;;;;;;;9989.0;0.0;105500
-2;105600;ASH_COATED_OSMIUM;9989.0;14.0;9986.0;28.0;;;10005.0;14.0;10007.0;28.0;;;9997.0;0.0;105600
-2;105700;ASH_COATED_OSMIUM;9989.0;10.0;9986.0;30.0;;;10005.0;10.0;;;;;9997.0;0.0;105700
-2;105800;ASH_COATED_OSMIUM;9999.0;7.0;9990.0;11.0;;;10006.0;11.0;10008.0;26.0;;;10002.5;0.0;105800
-2;105900;ASH_COATED_OSMIUM;9989.0;13.0;9987.0;26.0;;;10005.0;13.0;;;;;9997.0;0.0;105900
-2;106000;ASH_COATED_OSMIUM;9989.0;14.0;9987.0;23.0;;;10008.0;23.0;;;;;9998.5;0.0;106000
-2;106100;ASH_COATED_OSMIUM;9987.0;24.0;;;;;10006.0;11.0;10008.0;24.0;;;9996.5;0.0;106100
-2;106200;ASH_COATED_OSMIUM;9990.0;13.0;9987.0;23.0;;;9999.0;5.0;10006.0;13.0;;;9994.5;0.0;106200
-2;106300;ASH_COATED_OSMIUM;9989.0;13.0;9987.0;20.0;;;10008.0;20.0;;;;;9998.5;0.0;106300
-2;106400;ASH_COATED_OSMIUM;9990.0;14.0;9987.0;25.0;;;10006.0;14.0;10008.0;25.0;;;9998.0;0.0;106400
-2;106500;ASH_COATED_OSMIUM;9990.0;14.0;9987.0;21.0;;;10006.0;14.0;;;;;9998.0;0.0;106500
-2;106600;ASH_COATED_OSMIUM;9989.0;15.0;9987.0;20.0;;;10005.0;15.0;10008.0;20.0;;;9997.0;0.0;106600
-2;106700;ASH_COATED_OSMIUM;9990.0;14.0;9987.0;29.0;;;10006.0;14.0;10008.0;29.0;;;9998.0;0.0;106700
-2;106800;ASH_COATED_OSMIUM;9990.0;13.0;;;;;10008.0;23.0;;;;;9999.0;0.0;106800
-2;106900;ASH_COATED_OSMIUM;9990.0;11.0;9987.0;21.0;;;9995.0;6.0;10006.0;11.0;10008.0;21.0;9992.5;0.0;106900
-2;107000;ASH_COATED_OSMIUM;;;;;;;10006.0;14.0;10008.0;27.0;;;10006.0;0.0;107000
-2;107100;ASH_COATED_OSMIUM;9988.0;29.0;;;;;10006.0;13.0;10009.0;29.0;;;9997.0;0.0;107100
-2;107200;ASH_COATED_OSMIUM;9990.0;11.0;9988.0;26.0;;;10006.0;11.0;10009.0;26.0;;;9998.0;0.0;107200
-2;107300;ASH_COATED_OSMIUM;9988.0;28.0;;;;;10007.0;11.0;10009.0;28.0;;;9997.5;0.0;107300
-2;107400;ASH_COATED_OSMIUM;9989.0;25.0;;;;;10007.0;15.0;10010.0;25.0;;;9998.0;0.0;107400
-2;107500;ASH_COATED_OSMIUM;9991.0;11.0;9989.0;23.0;;;10007.0;11.0;10010.0;23.0;;;9999.0;0.0;107500
-2;107600;ASH_COATED_OSMIUM;9989.0;20.0;;;;;10010.0;20.0;;;;;9999.5;0.0;107600
-2;107700;ASH_COATED_OSMIUM;9991.0;13.0;;;;;10009.0;20.0;;;;;10000.0;0.0;107700
-2;107800;ASH_COATED_OSMIUM;;;;;;;10006.0;11.0;;;;;10006.0;0.0;107800
-2;107900;ASH_COATED_OSMIUM;9991.0;14.0;9988.0;23.0;;;10007.0;14.0;;;;;9999.0;0.0;107900
-2;108000;ASH_COATED_OSMIUM;9988.0;30.0;;;;;10009.0;30.0;;;;;9998.5;0.0;108000
-2;108100;ASH_COATED_OSMIUM;9988.0;27.0;;;;;10007.0;11.0;10009.0;27.0;;;9997.5;0.0;108100
-2;108200;ASH_COATED_OSMIUM;9988.0;23.0;;;;;10007.0;13.0;;;;;9997.5;0.0;108200
-2;108300;ASH_COATED_OSMIUM;9991.0;14.0;9988.0;25.0;;;10007.0;14.0;10009.0;25.0;;;9999.0;0.0;108300
-2;108400;ASH_COATED_OSMIUM;9988.0;26.0;;;;;10007.0;12.0;10009.0;26.0;;;9997.5;0.0;108400
-2;108500;ASH_COATED_OSMIUM;9991.0;10.0;;;;;10007.0;10.0;10009.0;25.0;;;9999.0;0.0;108500
-2;108600;ASH_COATED_OSMIUM;9991.0;10.0;9989.0;24.0;;;10007.0;10.0;10010.0;24.0;;;9999.0;0.0;108600
-2;108700;ASH_COATED_OSMIUM;9988.0;26.0;;;;;10006.0;12.0;10009.0;26.0;;;9997.0;0.0;108700
-2;108800;ASH_COATED_OSMIUM;9990.0;13.0;9988.0;20.0;;;10000.0;3.0;10006.0;13.0;10009.0;20.0;9995.0;0.0;108800
-2;108900;ASH_COATED_OSMIUM;9990.0;15.0;9988.0;26.0;;;10009.0;26.0;;;;;9999.5;0.0;108900
-2;109000;ASH_COATED_OSMIUM;9990.0;10.0;9988.0;22.0;;;;;;;;;9990.0;0.0;109000
-2;109100;ASH_COATED_OSMIUM;9991.0;14.0;9989.0;21.0;;;10007.0;14.0;;;;;9999.0;0.0;109100
-2;109200;ASH_COATED_OSMIUM;9991.0;15.0;9989.0;25.0;;;10007.0;15.0;;;;;9999.0;0.0;109200
-2;109300;ASH_COATED_OSMIUM;9991.0;10.0;;;;;10007.0;10.0;;;;;9999.0;0.0;109300
-2;109400;ASH_COATED_OSMIUM;9991.0;10.0;9989.0;29.0;;;10007.0;10.0;10010.0;29.0;;;9999.0;0.0;109400
-2;109500;ASH_COATED_OSMIUM;9991.0;11.0;9989.0;20.0;;;10007.0;11.0;10010.0;20.0;;;9999.0;0.0;109500
-2;109600;ASH_COATED_OSMIUM;9991.0;12.0;9989.0;22.0;;;10010.0;22.0;;;;;10000.5;0.0;109600
-2;109700;ASH_COATED_OSMIUM;9991.0;12.0;;;;;;;;;;;9991.0;0.0;109700
-2;109800;ASH_COATED_OSMIUM;;;;;;;10010.0;27.0;;;;;10010.0;0.0;109800
-2;109900;ASH_COATED_OSMIUM;9992.0;11.0;9989.0;26.0;;;10008.0;11.0;10010.0;26.0;;;10000.0;0.0;109900
-2;110000;ASH_COATED_OSMIUM;9992.0;12.0;;;;;10008.0;12.0;;;;;10000.0;0.0;110000
