day;timestamp;product;bid_price_1;bid_volume_1;bid_price_2;bid_volume_2;bid_price_3;bid_volume_3;ask_price_1;ask_volume_1;ask_price_2;ask_volume_2;ask_price_3;ask_volume_3;mid_price;profit_and_loss;timestamp_in_day
-2;0;INTARIAN_PEPPER_ROOT;9992.0;17.0;;;;;10005.0;9.0;10008.0;17.0;;;9998.5;0.0;0
-2;100;INTARIAN_PEPPER_ROOT;9995.0;11.0;9992.0;16.0;;;10006.0;11.0;10008.0;16.0;;;10000.5;0.0;100
-2;200;INTARIAN_PEPPER_ROOT;9995.0;12.0;;;;;10008.0;20.0;;;;;10001.5;0.0;200
-2;300;INTARIAN_PEPPER_ROOT;;;;;;;10006.0;10.0;10008.0;21.0;;;10006.0;0.0;300
-2;400;INTARIAN_PEPPER_ROOT;9992.0;20.0;;;;;10006.0;12.0;10008.0;20.0;;;9999.0;0.0;400
-2;500;INTARIAN_PEPPER_ROOT;9995.0;12.0;9993.0;16.0;;;10006.0;12.0;10008.0;16.0;;;10000.5;0.0;500
-2;600;INTARIAN_PEPPER_ROOT;9995.0;11.0;9993.0;16.0;;;10009.0;16.0;;;;;10002.0;0.0;600
-2;700;INTARIAN_PEPPER_ROOT;9995.0;12.0;9993.0;17.0;;;10006.0;12.0;10009.0;17.0;;;10000.5;0.0;700
-2;800;INTARIAN_PEPPER_ROOT;9993.0;23.0;;;;;10006.0;9.0;;;;;9999.5;0.0;800
-2;900;INTARIAN_PEPPER_ROOT;9995.0;11.0;9993.0;24.0;;;10006.0;11.0;10009.0;24.0;;;10000.5;0.0;900
-2;1000;INTARIAN_PEPPER_ROOT;9995.0;11.0;9993.0;24.0;;;10006.0;11.0;10009.0;24.0;;;10000.5;0.0;1000
-2;1100;INTARIAN_PEPPER_ROOT;;;;;;;10003.0;8.0;10009.0;21.0;;;10003.0;0.0;1100
-2;1200;INTARIAN_PEPPER_ROOT;9993.0;21.0;;;;;10007.0;10.0;;;;;10000.0;0.0;1200
-2;1300;INTARIAN_PEPPER_ROOT;9996.0;9.0;9993.0;16.0;;;10007.0;9.0;10009.0;16.0;;;10001.5;0.0;1300
-2;1400;INTARIAN_PEPPER_ROOT;9996.0;10.0;9993.0;18.0;;;10007.0;10.0;10009.0;18.0;;;10001.5;0.0;1400
-2;1500;INTARIAN_PEPPER_ROOT;9996.0;9.0;9993.0;23.0;;;10007.0;9.0;;;;;10001.5;0.0;1500
-2;1600;INTARIAN_PEPPER_ROOT;9994.0;24.0;;;;;10007.0;8.0;;;;;10000.5;0.0;1600
-2;1700;INTARIAN_PEPPER_ROOT;9996.0;9.0;9994.0;18.0;;;10007.0;9.0;;;;;10001.5;0.0;1700
-2;1800;INTARIAN_PEPPER_ROOT;9996.0;12.0;9994.0;23.0;;;10007.0;12.0;10010.0;23.0;;;10001.5;0.0;1800
-2;1900;INTARIAN_PEPPER_ROOT;9996.0;8.0;9994.0;17.0;;;10010.0;17.0;;;;;10003.0;0.0;1900
-2;2000;INTARIAN_PEPPER_ROOT;9994.0;17.0;;;;;10008.0;11.0;10010.0;17.0;;;10001.0;0.0;2000
-2;2100;INTARIAN_PEPPER_ROOT;9997.0;10.0;;;;;10010.0;20.0;;;;;10003.5;0.0;2100
-2;2200;INTARIAN_PEPPER_ROOT;9994.0;19.0;;;;;10008.0;12.0;10010.0;19.0;;;10001.0;0.0;2200
-2;2300;INTARIAN_PEPPER_ROOT;9994.0;22.0;;;;;10008.0;12.0;;;;;10001.0;0.0;2300
-2;2400;INTARIAN_PEPPER_ROOT;9997.0;9.0;9994.0;18.0;;;10008.0;9.0;10010.0;18.0;;;10002.5;0.0;2400
-2;2500;INTARIAN_PEPPER_ROOT;9997.0;9.0;;;;;10008.0;9.0;10011.0;18.0;;;10002.5;0.0;2500
-2;2600;INTARIAN_PEPPER_ROOT;9995.0;15.0;;;;;10008.0;8.0;10011.0;15.0;;;10001.5;0.0;2600
-2;2700;INTARIAN_PEPPER_ROOT;9997.0;10.0;9995.0;16.0;;;10011.0;16.0;;;;;10004.0;0.0;2700
-2;2800;INTARIAN_PEPPER_ROOT;9997.0;10.0;9995.0;21.0;;;10008.0;10.0;;;;;10002.5;0.0;2800
-2;2900;INTARIAN_PEPPER_ROOT;9997.0;8.0;9995.0;21.0;;;10008.0;8.0;10011.0;21.0;;;10002.5;0.0;2900
-2;3000;INTARIAN_PEPPER_ROOT;9997.0;8.0;9995.0;19.0;;;10009.0;8.0;10011.0;19.0;;;10003.0;0.0;3000
-2;3100;INTARIAN_PEPPER_ROOT;9998.0;9.0;;;;;10011.0;19.0;;;;;10004.5;0.0;3100
-2;3200;INTARIAN_PEPPER_ROOT;9995.0;22.0;;;;;10011.0;22.0;;;;;10003.0;0.0;3200
-2;3300;INTARIAN_PEPPER_ROOT;9998.0;10.0;9995.0;19.0;;;10009.0;10.0;;;;;10003.5;0.0;3300
-2;3400;INTARIAN_PEPPER_ROOT;9998.0;9.0;9995.0;21.0;;;10009.0;9.0;10011.0;21.0;;;10003.5;0.0;3400
-2;3500;INTARIAN_PEPPER_ROOT;9998.0;11.0;;;;;10012.0;23.0;;;;;10005.0;0.0;3500
-2;3600;INTARIAN_PEPPER_ROOT;9998.0;12.0;9996.0;19.0;;;10009.0;12.0;10012.0;19.0;;;10003.5;0.0;3600
-2;3700;INTARIAN_PEPPER_ROOT;9998.0;9.0;;;;;10009.0;9.0;10012.0;17.0;;;10003.5;0.0;3700
-2;3800;INTARIAN_PEPPER_ROOT;9998.0;8.0;9996.0;20.0;;;10012.0;20.0;;;;;10005.0;0.0;3800
-2;3900;INTARIAN_PEPPER_ROOT;9998.0;11.0;;;;;10009.0;11.0;10012.0;15.0;;;10003.5;0.0;3900
-2;4000;INTARIAN_PEPPER_ROOT;10007.0;7.0;9998.0;11.0;9996.0;20.0;10010.0;11.0;10012.0;20.0;;;10008.5;0.0;4000
-2;4100;INTARIAN_PEPPER_ROOT;9999.0;12.0;9996.0;17.0;;;;;;;;;9999.0;0.0;4100
-2;4200;INTARIAN_PEPPER_ROOT;9996.0;16.0;;;;;10012.0;16.0;;;;;10004.0;0.0;4200
-2;4300;INTARIAN_PEPPER_ROOT;;;;;;;10010.0;11.0;10012.0;25.0;;;10010.0;0.0;4300
-2;4400;INTARIAN_PEPPER_ROOT;9996.0;17.0;;;;;10010.0;9.0;10012.0;17.0;;;10003.0;0.0;4400
-2;4500;INTARIAN_PEPPER_ROOT;9999.0;8.0;9996.0;18.0;;;10010.0;8.0;10013.0;18.0;;;10004.5;0.0;4500
-2;4600;INTARIAN_PEPPER_ROOT;9999.0;8.0;9997.0;19.0;;;10010.0;8.0;10013.0;19.0;;;10004.5;0.0;4600
-2;4700;INTARIAN_PEPPER_ROOT;9999.0;8.0;9997.0;15.0;;;10013.0;15.0;;;;;10006.0;0.0;4700
-2;4800;INTARIAN_PEPPER_ROOT;9999.0;9.0;9997.0;17.0;;;10010.0;9.0;10013.0;17.0;;;10004.5;0.0;4800
-2;4900;INTARIAN_PEPPER_ROOT;9997.0;24.0;;;;;10010.0;9.0;10013.0;24.0;;;10003.5;0.0;4900
-2;5000;INTARIAN_PEPPER_ROOT;9999.0;9.0;;;;;10011.0;9.0;;;;;10005.0;0.0;5000
-2;5100;INTARIAN_PEPPER_ROOT;10000.0;10.0;9997.0;21.0;;;10007.0;7.0;10011.0;10.0;10013.0;21.0;10003.5;0.0;5100
-2;5200;INTARIAN_PEPPER_ROOT;10000.0;11.0;9997.0;15.0;;;10002.0;5.0;10011.0;11.0;10013.0;15.0;10001.0;0.0;5200
-2;5300;INTARIAN_PEPPER_ROOT;10000.0;11.0;9997.0;24.0;;;10011.0;11.0;10013.0;24.0;;;10005.5;0.0;5300
-2;5400;INTARIAN_PEPPER_ROOT;10000.0;9.0;;;;;10011.0;9.0;;;;;10005.5;0.0;5400
-2;5500;INTARIAN_PEPPER_ROOT;9997.0;24.0;;;;;10011.0;10.0;;;;;10004.0;0.0;5500
-2;5600;INTARIAN_PEPPER_ROOT;10000.0;10.0;;;;;10011.0;10.0;10014.0;19.0;;;10005.5;0.0;5600
-2;5700;INTARIAN_PEPPER_ROOT;10000.0;9.0;9998.0;21.0;;;10011.0;9.0;10014.0;21.0;;;10005.5;0.0;5700
-2;5800;INTARIAN_PEPPER_ROOT;10000.0;10.0;;;;;;;;;;;10000.0;0.0;5800
-2;5900;INTARIAN_PEPPER_ROOT;10000.0;12.0;9998.0;20.0;;;10011.0;12.0;10014.0;20.0;;;10005.5;0.0;5900
-2;6000;INTARIAN_PEPPER_ROOT;9998.0;23.0;;;;;10012.0;12.0;10014.0;23.0;;;10005.0;0.0;6000
-2;6100;INTARIAN_PEPPER_ROOT;10001.0;12.0;;;;;10012.0;12.0;10014.0;17.0;;;10006.5;0.0;6100
-2;6200;INTARIAN_PEPPER_ROOT;10001.0;8.0;9998.0;18.0;;;10012.0;8.0;10014.0;18.0;;;10006.5;0.0;6200
-2;6300;INTARIAN_PEPPER_ROOT;10001.0;12.0;9998.0;17.0;;;10012.0;12.0;10014.0;17.0;;;10006.5;0.0;6300
-2;6400;INTARIAN_PEPPER_ROOT;10001.0;8.0;;;;;10012.0;8.0;10014.0;23.0;;;10006.5;0.0;6400
-2;6500;INTARIAN_PEPPER_ROOT;10001.0;10.0;9998.0;19.0;;;10012.0;10.0;10015.0;19.0;;;10006.5;0.0;6500
-2;6600;INTARIAN_PEPPER_ROOT;9999.0;21.0;;;;;10012.0;8.0;10015.0;21.0;;;10005.5;0.0;6600
-2;6700;INTARIAN_PEPPER_ROOT;;;;;;;10012.0;8.0;10015.0;20.0;;;10012.0;0.0;6700
-2;6800;INTARIAN_PEPPER_ROOT;10001.0;8.0;9999.0;21.0;;;10012.0;8.0;10015.0;21.0;;;10006.5;0.0;6800
-2;6900;INTARIAN_PEPPER_ROOT;10001.0;12.0;9999.0;15.0;;;10012.0;12.0;10015.0;15.0;;;10006.5;0.0;6900
-2;7000;INTARIAN_PEPPER_ROOT;10001.0;12.0;;;;;10013.0;12.0;10015.0;25.0;;;10007.0;0.0;7000
-2;7100;INTARIAN_PEPPER_ROOT;10002.0;11.0;9999.0;17.0;;;10013.0;11.0;10015.0;17.0;;;10007.5;0.0;7100
-2;7200;INTARIAN_PEPPER_ROOT;10002.0;9.0;9999.0;20.0;;;10013.0;9.0;10015.0;20.0;;;10007.5;0.0;7200
-2;7300;INTARIAN_PEPPER_ROOT;10002.0;8.0;9999.0;23.0;;;10013.0;8.0;10015.0;23.0;;;10007.5;0.0;7300
-2;7400;INTARIAN_PEPPER_ROOT;10002.0;10.0;9999.0;24.0;;;10015.0;24.0;;;;;10008.5;0.0;7400
-2;7500;INTARIAN_PEPPER_ROOT;;;;;;;10013.0;8.0;10016.0;24.0;;;10013.0;0.0;7500
-2;7600;INTARIAN_PEPPER_ROOT;10002.0;8.0;10000.0;18.0;;;10013.0;8.0;10016.0;18.0;;;10007.5;0.0;7600
-2;7700;INTARIAN_PEPPER_ROOT;10002.0;8.0;10000.0;22.0;;;10013.0;8.0;10016.0;22.0;;;10007.5;0.0;7700
-2;7800;INTARIAN_PEPPER_ROOT;10002.0;8.0;10000.0;18.0;;;10013.0;8.0;10016.0;18.0;;;10007.5;0.0;7800
-2;7900;INTARIAN_PEPPER_ROOT;10002.0;10.0;10000.0;18.0;;;10013.0;10.0;10016.0;18.0;;;10007.5;0.0;7900
-2;8000;INTARIAN_PEPPER_ROOT;;;;;;;10014.0;8.0;10016.0;25.0;;;10014.0;0.0;8000
-2;8100;INTARIAN_PEPPER_ROOT;10000.0;20.0;;;;;10014.0;12.0;10016.0;20.0;;;10007.0;0.0;8100
-2;8200;INTARIAN_PEPPER_ROOT;10003.0;8.0;10000.0;24.0;;;10014.0;8.0;10016.0;24.0;;;10008.5;0.0;8200
-2;8300;INTARIAN_PEPPER_ROOT;10003.0;8.0;10000.0;17.0;;;10014.0;8.0;10016.0;17.0;;;10008.5;0.0;8300
-2;8400;INTARIAN_PEPPER_ROOT;10003.0;9.0;10000.0;15.0;;;10014.0;9.0;10016.0;15.0;;;10008.5;0.0;8400
-2;8500;INTARIAN_PEPPER_ROOT;10003.0;8.0;10000.0;21.0;;;10014.0;8.0;;;;;10008.5;0.0;8500
-2;8600;INTARIAN_PEPPER_ROOT;10003.0;10.0;10001.0;25.0;;;10017.0;25.0;;;;;10010.0;0.0;8600
-2;8700;INTARIAN_PEPPER_ROOT;10003.0;11.0;;;;;10014.0;11.0;;;;;10008.5;0.0;8700
-2;8800;INTARIAN_PEPPER_ROOT;10003.0;12.0;10001.0;19.0;;;10014.0;12.0;10017.0;19.0;;;10008.5;0.0;8800
-2;8900;INTARIAN_PEPPER_ROOT;10003.0;11.0;;;;;10014.0;11.0;;;;;10008.5;0.0;8900
-2;9000;INTARIAN_PEPPER_ROOT;10003.0;11.0;10001.0;20.0;;;;;;;;;10003.0;0.0;9000
-2;9100;INTARIAN_PEPPER_ROOT;10004.0;9.0;10001.0;18.0;;;10015.0;9.0;10017.0;18.0;;;10009.5;0.0;9100
-2;9200;INTARIAN_PEPPER_ROOT;10004.0;10.0;10001.0;20.0;;;10017.0;20.0;;;;;10010.5;0.0;9200
-2;9300;INTARIAN_PEPPER_ROOT;10004.0;10.0;10001.0;15.0;;;10015.0;10.0;10017.0;15.0;;;10009.5;0.0;9300
-2;9400;INTARIAN_PEPPER_ROOT;10004.0;9.0;10001.0;19.0;;;;;;;;;10004.0;0.0;9400
-2;9500;INTARIAN_PEPPER_ROOT;10001.0;16.0;;;;;10015.0;10.0;10018.0;16.0;;;10008.0;0.0;9500
-2;9600;INTARIAN_PEPPER_ROOT;10002.0;20.0;;;;;10015.0;9.0;10018.0;20.0;;;10008.5;0.0;9600
-2;9700;INTARIAN_PEPPER_ROOT;10004.0;9.0;10002.0;25.0;;;10015.0;9.0;10018.0;25.0;;;10009.5;0.0;9700
-2;9800;INTARIAN_PEPPER_ROOT;10004.0;9.0;10002.0;21.0;;;10015.0;9.0;10018.0;21.0;;;10009.5;0.0;9800
-2;9900;INTARIAN_PEPPER_ROOT;;;;;;;10015.0;8.0;;;;;10015.0;0.0;9900
-2;10000;INTARIAN_PEPPER_ROOT;10004.0;8.0;10002.0;24.0;;;10016.0;8.0;10018.0;24.0;;;10010.0;0.0;10000
-2;10100;INTARIAN_PEPPER_ROOT;10005.0;8.0;10002.0;16.0;;;10016.0;8.0;10018.0;16.0;;;10010.5;0.0;10100
-2;10200;INTARIAN_PEPPER_ROOT;10005.0;11.0;;;;;10016.0;11.0;10018.0;17.0;;;10010.5;0.0;10200
-2;10300;INTARIAN_PEPPER_ROOT;10005.0;9.0;10002.0;16.0;;;10018.0;16.0;;;;;10011.5;0.0;10300
-2;10400;INTARIAN_PEPPER_ROOT;10008.0;11.0;10005.0;9.0;;;10016.0;9.0;10018.0;16.0;;;10012.0;0.0;10400
-2;10500;INTARIAN_PEPPER_ROOT;10013.0;5.0;10005.0;9.0;10002.0;22.0;10016.0;9.0;10019.0;22.0;;;10014.5;0.0;10500
-2;10600;INTARIAN_PEPPER_ROOT;10005.0;9.0;10003.0;22.0;;;10016.0;9.0;10019.0;22.0;;;10010.5;0.0;10600
-2;10700;INTARIAN_PEPPER_ROOT;10005.0;12.0;;;;;10016.0;12.0;10019.0;18.0;;;10010.5;0.0;10700
-2;10800;INTARIAN_PEPPER_ROOT;10005.0;12.0;10003.0;21.0;;;10019.0;21.0;;;;;10012.0;0.0;10800
-2;10900;INTARIAN_PEPPER_ROOT;10005.0;11.0;10003.0;22.0;;;10019.0;22.0;;;;;10012.0;0.0;10900
-2;11000;INTARIAN_PEPPER_ROOT;10005.0;9.0;10003.0;17.0;;;10017.0;9.0;;;;;10011.0;0.0;11000
-2;11100;INTARIAN_PEPPER_ROOT;10006.0;12.0;10003.0;15.0;;;10017.0;12.0;10019.0;15.0;;;10011.5;0.0;11100
-2;11200;INTARIAN_PEPPER_ROOT;10006.0;8.0;;;;;10017.0;8.0;;;;;10011.5;0.0;11200
-2;11300;INTARIAN_PEPPER_ROOT;10006.0;10.0;10003.0;21.0;;;10008.0;3.0;10017.0;10.0;10019.0;21.0;10007.0;0.0;11300
-2;11400;INTARIAN_PEPPER_ROOT;10006.0;12.0;;;;;10019.0;15.0;;;;;10012.5;0.0;11400
-2;11500;INTARIAN_PEPPER_ROOT;10006.0;8.0;10003.0;23.0;;;10017.0;8.0;10020.0;23.0;;;10011.5;0.0;11500
-2;11600;INTARIAN_PEPPER_ROOT;10006.0;9.0;10004.0;21.0;;;10017.0;9.0;10020.0;21.0;;;10011.5;0.0;11600
-2;11700;INTARIAN_PEPPER_ROOT;10006.0;10.0;;;;;10017.0;10.0;10020.0;19.0;;;10011.5;0.0;11700
-2;11800;INTARIAN_PEPPER_ROOT;10006.0;8.0;10004.0;21.0;;;10017.0;8.0;10020.0;21.0;;;10011.5;0.0;11800
-2;11900;INTARIAN_PEPPER_ROOT;10009.0;12.0;10006.0;8.0;;;10017.0;8.0;10020.0;21.0;;;10013.0;0.0;11900
-2;12000;INTARIAN_PEPPER_ROOT;10006.0;9.0;;;;;10018.0;9.0;10020.0;20.0;;;10012.0;0.0;12000
-2;12100;INTARIAN_PEPPER_ROOT;10007.0;11.0;10004.0;21.0;;;10018.0;11.0;;;;;10012.5;0.0;12100
-2;12200;INTARIAN_PEPPER_ROOT;10007.0;9.0;10004.0;21.0;;;10018.0;9.0;;;;;10012.5;0.0;12200
-2;12300;INTARIAN_PEPPER_ROOT;10007.0;11.0;10004.0;18.0;;;10018.0;11.0;;;;;10012.5;0.0;12300
-2;12400;INTARIAN_PEPPER_ROOT;10004.0;24.0;;;;;10018.0;12.0;10020.0;24.0;;;10011.0;0.0;12400
-2;12500;INTARIAN_PEPPER_ROOT;;;;;;;10018.0;11.0;10021.0;23.0;;;10018.0;0.0;12500
-2;12600;INTARIAN_PEPPER_ROOT;10007.0;12.0;10005.0;16.0;;;10018.0;12.0;10021.0;16.0;;;10012.5;0.0;12600
-2;12700;INTARIAN_PEPPER_ROOT;;;;;;;10018.0;12.0;;;;;10018.0;0.0;12700
-2;12800;INTARIAN_PEPPER_ROOT;10007.0;12.0;10005.0;17.0;;;10018.0;12.0;10021.0;17.0;;;10012.5;0.0;12800
-2;12900;INTARIAN_PEPPER_ROOT;10005.0;20.0;;;;;10018.0;10.0;10021.0;20.0;;;10011.5;0.0;12900
-2;13000;INTARIAN_PEPPER_ROOT;10007.0;10.0;;;;;10019.0;10.0;10021.0;25.0;;;10013.0;0.0;13000
-2;13100;INTARIAN_PEPPER_ROOT;10008.0;8.0;10005.0;25.0;;;10019.0;8.0;10021.0;25.0;;;10013.5;0.0;13100
-2;13200;INTARIAN_PEPPER_ROOT;10008.0;11.0;;;;;10021.0;23.0;;;;;10014.5;0.0;13200
-2;13300;INTARIAN_PEPPER_ROOT;10008.0;10.0;10005.0;21.0;;;10019.0;10.0;10021.0;21.0;;;10013.5;0.0;13300
-2;13400;INTARIAN_PEPPER_ROOT;10005.0;21.0;;;;;10019.0;9.0;10021.0;21.0;;;10012.0;0.0;13400
-2;13500;INTARIAN_PEPPER_ROOT;10008.0;10.0;10005.0;16.0;;;10019.0;10.0;10022.0;16.0;;;10013.5;0.0;13500
-2;13600;INTARIAN_PEPPER_ROOT;10008.0;12.0;10006.0;25.0;;;10019.0;12.0;10022.0;25.0;;;10013.5;0.0;13600
-2;13700;INTARIAN_PEPPER_ROOT;10008.0;9.0;10006.0;22.0;;;10019.0;9.0;;;;;10013.5;0.0;13700
-2;13800;INTARIAN_PEPPER_ROOT;10008.0;12.0;10006.0;24.0;;;10019.0;12.0;10022.0;24.0;;;10013.5;0.0;13800
-2;13900;INTARIAN_PEPPER_ROOT;10006.0;15.0;;;;;10019.0;9.0;10022.0;15.0;;;10012.5;0.0;13900
-2;14000;INTARIAN_PEPPER_ROOT;10008.0;11.0;10006.0;16.0;;;10022.0;16.0;;;;;10015.0;0.0;14000
-2;14100;INTARIAN_PEPPER_ROOT;10009.0;12.0;10006.0;22.0;;;10020.0;12.0;10022.0;22.0;;;10014.5;0.0;14100
-2;14200;INTARIAN_PEPPER_ROOT;10009.0;9.0;10006.0;18.0;;;10020.0;9.0;10022.0;18.0;;;10014.5;0.0;14200
-2;14300;INTARIAN_PEPPER_ROOT;10009.0;8.0;10006.0;23.0;;;10020.0;8.0;10022.0;23.0;;;10014.5;0.0;14300
-2;14400;INTARIAN_PEPPER_ROOT;10006.0;17.0;;;;;10022.0;17.0;;;;;10014.0;0.0;14400
-2;14500;INTARIAN_PEPPER_ROOT;10009.0;8.0;10006.0;17.0;;;10023.0;17.0;;;;;10016.0;0.0;14500
-2;14600;INTARIAN_PEPPER_ROOT;10009.0;8.0;10007.0;18.0;;;10020.0;8.0;;;;;10014.5;0.0;14600
-2;14700;INTARIAN_PEPPER_ROOT;10009.0;10.0;10007.0;19.0;;;;;;;;;10009.0;0.0;14700
-2;14800;INTARIAN_PEPPER_ROOT;10009.0;11.0;10007.0;25.0;;;10020.0;11.0;10023.0;25.0;;;10014.5;0.0;14800
-2;14900;INTARIAN_PEPPER_ROOT;10009.0;9.0;10007.0;16.0;;;10023.0;16.0;;;;;10016.0;0.0;14900
-2;15000;INTARIAN_PEPPER_ROOT;10009.0;12.0;10007.0;25.0;;;10021.0;12.0;10023.0;25.0;;;10015.0;0.0;15000
-2;15100;INTARIAN_PEPPER_ROOT;10010.0;8.0;10007.0;17.0;;;10021.0;8.0;10023.0;17.0;;;10015.5;0.0;15100
-2;15200;INTARIAN_PEPPER_ROOT;10010.0;9.0;;;;;10021.0;9.0;10023.0;15.0;;;10015.5;0.0;15200
-2;15300;INTARIAN_PEPPER_ROOT;10010.0;10.0;;;;;;;;;;;10010.0;0.0;15300
-2;15400;INTARIAN_PEPPER_ROOT;10010.0;8.0;10007.0;25.0;;;10021.0;8.0;10023.0;25.0;;;10015.5;0.0;15400
-2;15500;INTARIAN_PEPPER_ROOT;10010.0;8.0;;;;;10021.0;8.0;10024.0;18.0;;;10015.5;0.0;15500
-2;15600;INTARIAN_PEPPER_ROOT;10010.0;10.0;10008.0;22.0;;;10021.0;10.0;10024.0;22.0;;;10015.5;0.0;15600
-2;15700;INTARIAN_PEPPER_ROOT;10010.0;10.0;10008.0;21.0;;;10021.0;10.0;10024.0;21.0;;;10015.5;0.0;15700
-2;15800;INTARIAN_PEPPER_ROOT;10010.0;11.0;10008.0;24.0;;;10021.0;11.0;;;;;10015.5;0.0;15800
-2;15900;INTARIAN_PEPPER_ROOT;10010.0;10.0;10008.0;18.0;;;10021.0;10.0;10024.0;18.0;;;10015.5;0.0;15900
-2;16000;INTARIAN_PEPPER_ROOT;10008.0;16.0;;;;;10022.0;9.0;10024.0;16.0;;;10015.0;0.0;16000
-2;16100;INTARIAN_PEPPER_ROOT;10011.0;9.0;;;;;10022.0;9.0;10024.0;16.0;;;10016.5;0.0;16100
-2;16200;INTARIAN_PEPPER_ROOT;10008.0;23.0;;;;;10022.0;8.0;10024.0;23.0;;;10015.0;0.0;16200
-2;16300;INTARIAN_PEPPER_ROOT;10011.0;12.0;10008.0;22.0;;;10022.0;12.0;;;;;10016.5;0.0;16300
-2;16400;INTARIAN_PEPPER_ROOT;10008.0;21.0;;;;;10022.0;10.0;10024.0;21.0;;;10015.0;0.0;16400
-2;16500;INTARIAN_PEPPER_ROOT;10011.0;10.0;10008.0;23.0;;;10022.0;10.0;10025.0;23.0;;;10016.5;0.0;16500
-2;16600;INTARIAN_PEPPER_ROOT;10011.0;9.0;10009.0;20.0;;;10022.0;9.0;10025.0;20.0;;;10016.5;0.0;16600
-2;16700;INTARIAN_PEPPER_ROOT;;;;;;;10022.0;8.0;;;;;10022.0;0.0;16700
-2;16800;INTARIAN_PEPPER_ROOT;10011.0;10.0;10009.0;18.0;;;10022.0;10.0;;;;;10016.5;0.0;16800
-2;16900;INTARIAN_PEPPER_ROOT;10011.0;10.0;10009.0;19.0;;;10022.0;10.0;10025.0;19.0;;;10016.5;0.0;16900
-2;17000;INTARIAN_PEPPER_ROOT;10011.0;9.0;10009.0;23.0;;;10023.0;9.0;;;;;10017.0;0.0;17000
-2;17100;INTARIAN_PEPPER_ROOT;10012.0;9.0;;;;;10023.0;9.0;10025.0;18.0;;;10017.5;0.0;17100
-2;17200;INTARIAN_PEPPER_ROOT;10012.0;10.0;10009.0;15.0;;;10023.0;10.0;10025.0;15.0;;;10017.5;0.0;17200
-2;17300;INTARIAN_PEPPER_ROOT;10012.0;11.0;10009.0;16.0;;;10023.0;11.0;10025.0;16.0;;;10017.5;0.0;17300
-2;17400;INTARIAN_PEPPER_ROOT;10012.0;12.0;10009.0;23.0;;;10023.0;12.0;10025.0;23.0;;;10017.5;0.0;17400
-2;17500;INTARIAN_PEPPER_ROOT;10012.0;10.0;;;;;10026.0;15.0;;;;;10019.0;0.0;17500
-2;17600;INTARIAN_PEPPER_ROOT;10012.0;8.0;10010.0;17.0;;;10023.0;8.0;10026.0;17.0;;;10017.5;0.0;17600
-2;17700;INTARIAN_PEPPER_ROOT;;;;;;;10023.0;12.0;10026.0;19.0;;;10023.0;0.0;17700
-2;17800;INTARIAN_PEPPER_ROOT;10012.0;8.0;10010.0;20.0;;;10023.0;8.0;10026.0;20.0;;;10017.5;0.0;17800
-2;17900;INTARIAN_PEPPER_ROOT;10012.0;8.0;10010.0;16.0;;;10023.0;8.0;10026.0;16.0;;;10017.5;0.0;17900
-2;18000;INTARIAN_PEPPER_ROOT;10012.0;12.0;10010.0;24.0;;;10026.0;24.0;;;;;10019.0;0.0;18000
-2;18100;INTARIAN_PEPPER_ROOT;10013.0;10.0;10010.0;21.0;;;10024.0;10.0;10026.0;21.0;;;10018.5;0.0;18100
-2;18200;INTARIAN_PEPPER_ROOT;10010.0;24.0;;;;;10024.0;11.0;10026.0;24.0;;;10017.0;0.0;18200
-2;18300;INTARIAN_PEPPER_ROOT;10013.0;10.0;10010.0;18.0;;;10024.0;10.0;10026.0;18.0;;;10018.5;0.0;18300
-2;18400;INTARIAN_PEPPER_ROOT;10013.0;9.0;;;;;10024.0;9.0;10026.0;24.0;;;10018.5;0.0;18400
-2;18500;INTARIAN_PEPPER_ROOT;10013.0;9.0;10010.0;22.0;;;10024.0;9.0;10027.0;22.0;;;10018.5;0.0;18500
-2;18600;INTARIAN_PEPPER_ROOT;10013.0;8.0;10011.0;17.0;;;10024.0;8.0;10027.0;17.0;;;10018.5;0.0;18600
-2;18700;INTARIAN_PEPPER_ROOT;10013.0;8.0;10011.0;20.0;;;10024.0;8.0;10027.0;20.0;;;10018.5;0.0;18700
-2;18800;INTARIAN_PEPPER_ROOT;10013.0;8.0;10011.0;25.0;;;10024.0;8.0;;;;;10018.5;0.0;18800
-2;18900;INTARIAN_PEPPER_ROOT;10011.0;18.0;;;;;10024.0;11.0;;;;;10017.5;0.0;18900
-2;19000;INTARIAN_PEPPER_ROOT;10013.0;12.0;10011.0;23.0;;;10025.0;12.0;10027.0;23.0;;;10019.0;0.0;19000
-2;19100;INTARIAN_PEPPER_ROOT;10014.0;8.0;;;;;10027.0;23.0;;;;;10020.5;0.0;19100
-2;19200;INTARIAN_PEPPER_ROOT;10014.0;8.0;10011.0;16.0;;;10025.0;8.0;10027.0;16.0;;;10019.5;0.0;19200
-2;19300;INTARIAN_PEPPER_ROOT;10014.0;9.0;10011.0;18.0;;;10025.0;9.0;10027.0;18.0;;;10019.5;0.0;19300
-2;19400;INTARIAN_PEPPER_ROOT;10014.0;11.0;;;;;10027.0;18.0;;;;;10020.5;0.0;19400
-2;19500;INTARIAN_PEPPER_ROOT;10014.0;11.0;;;;;10025.0;11.0;;;;;10019.5;0.0;19500
-2;19600;INTARIAN_PEPPER_ROOT;10014.0;11.0;10012.0;17.0;;;10025.0;11.0;10028.0;17.0;;;10019.5;0.0;19600
-2;19700;INTARIAN_PEPPER_ROOT;10014.0;8.0;10012.0;22.0;;;10025.0;8.0;;;;;10019.5;0.0;19700
-2;19800;INTARIAN_PEPPER_ROOT;10014.0;9.0;10012.0;24.0;;;10028.0;24.0;;;;;10021.0;0.0;19800
-2;19900;INTARIAN_PEPPER_ROOT;10014.0;12.0;10012.0;25.0;;;10025.0;12.0;10028.0;25.0;;;10019.5;0.0;19900
-2;20000;INTARIAN_PEPPER_ROOT;10012.0;20.0;;;;;10028.0;20.0;;;;;10020.0;0.0;20000
-2;20100;INTARIAN_PEPPER_ROOT;10015.0;10.0;10012.0;15.0;;;10026.0;10.0;10028.0;15.0;;;10020.5;0.0;20100
-2;20200;INTARIAN_PEPPER_ROOT;10015.0;11.0;10012.0;17.0;;;10026.0;11.0;10028.0;17.0;;;10020.5;0.0;20200
-2;20300;INTARIAN_PEPPER_ROOT;;;;;;;10026.0;8.0;10028.0;20.0;;;10026.0;0.0;20300
-2;20400;INTARIAN_PEPPER_ROOT;10015.0;12.0;10012.0;15.0;;;;;;;;;10015.0;0.0;20400
-2;20500;INTARIAN_PEPPER_ROOT;10015.0;8.0;10012.0;18.0;;;10026.0;8.0;10029.0;18.0;;;10020.5;0.0;20500
-2;20600;INTARIAN_PEPPER_ROOT;10015.0;8.0;10013.0;24.0;;;10026.0;8.0;10029.0;24.0;;;10020.5;0.0;20600
-2;20700;INTARIAN_PEPPER_ROOT;10015.0;9.0;10013.0;19.0;;;10029.0;19.0;;;;;10022.0;0.0;20700
-2;20800;INTARIAN_PEPPER_ROOT;10013.0;23.0;;;;;10026.0;12.0;10029.0;23.0;;;10019.5;0.0;20800
-2;20900;INTARIAN_PEPPER_ROOT;10015.0;8.0;10013.0;16.0;;;10026.0;8.0;10029.0;16.0;;;10020.5;0.0;20900
-2;21000;INTARIAN_PEPPER_ROOT;10015.0;11.0;10013.0;24.0;;;10029.0;24.0;;;;;10022.0;0.0;21000
-2;21100;INTARIAN_PEPPER_ROOT;10016.0;9.0;10013.0;24.0;;;10027.0;9.0;10029.0;24.0;;;10021.5;0.0;21100
-2;21200;INTARIAN_PEPPER_ROOT;10016.0;12.0;10013.0;25.0;;;10027.0;12.0;10029.0;25.0;;;10021.5;0.0;21200
-2;21300;INTARIAN_PEPPER_ROOT;;;;;;;10027.0;9.0;10029.0;23.0;;;10027.0;0.0;21300
-2;21400;INTARIAN_PEPPER_ROOT;10016.0;9.0;10013.0;20.0;;;10027.0;9.0;10029.0;20.0;;;10021.5;0.0;21400
-2;21500;INTARIAN_PEPPER_ROOT;10016.0;11.0;10013.0;16.0;;;10027.0;11.0;10030.0;16.0;;;10021.5;0.0;21500
-2;21600;INTARIAN_PEPPER_ROOT;10016.0;11.0;10014.0;18.0;;;10027.0;11.0;10030.0;18.0;;;10021.5;0.0;21600
-2;21700;INTARIAN_PEPPER_ROOT;10016.0;11.0;10014.0;18.0;;;10030.0;18.0;;;;;10023.0;0.0;21700
-2;21800;INTARIAN_PEPPER_ROOT;10016.0;9.0;10014.0;25.0;;;10023.0;6.0;10027.0;9.0;10030.0;25.0;10019.5;0.0;21800
-2;21900;INTARIAN_PEPPER_ROOT;10016.0;10.0;10014.0;18.0;;;10030.0;18.0;;;;;10023.0;0.0;21900
-2;22000;INTARIAN_PEPPER_ROOT;10016.0;8.0;;;;;10028.0;8.0;;;;;10022.0;0.0;22000
-2;22100;INTARIAN_PEPPER_ROOT;10017.0;10.0;;;;;10028.0;10.0;10030.0;19.0;;;10022.5;0.0;22100
-2;22200;INTARIAN_PEPPER_ROOT;10017.0;9.0;10014.0;24.0;;;10028.0;9.0;10030.0;24.0;;;10022.5;0.0;22200
-2;22300;INTARIAN_PEPPER_ROOT;10017.0;8.0;10014.0;23.0;;;10028.0;8.0;10030.0;23.0;;;10022.5;0.0;22300
-2;22400;INTARIAN_PEPPER_ROOT;10017.0;8.0;10014.0;17.0;;;10030.0;17.0;;;;;10023.5;0.0;22400
-2;22500;INTARIAN_PEPPER_ROOT;10017.0;12.0;10014.0;16.0;;;10028.0;12.0;10031.0;16.0;;;10022.5;0.0;22500
-2;22600;INTARIAN_PEPPER_ROOT;10017.0;10.0;10015.0;22.0;;;10019.0;7.0;10028.0;10.0;10031.0;22.0;10018.0;0.0;22600
-2;22700;INTARIAN_PEPPER_ROOT;10015.0;15.0;;;;;10031.0;15.0;;;;;10023.0;0.0;22700
-2;22800;INTARIAN_PEPPER_ROOT;;;;;;;10028.0;11.0;10031.0;23.0;;;10028.0;0.0;22800
-2;22900;INTARIAN_PEPPER_ROOT;10015.0;18.0;;;;;10028.0;8.0;10031.0;18.0;;;10021.5;0.0;22900
-2;23000;INTARIAN_PEPPER_ROOT;10017.0;12.0;10015.0;24.0;;;10031.0;24.0;;;;;10024.0;0.0;23000
-2;23100;INTARIAN_PEPPER_ROOT;10015.0;23.0;;;;;10029.0;8.0;10031.0;23.0;;;10022.0;0.0;23100
-2;23200;INTARIAN_PEPPER_ROOT;10018.0;10.0;10015.0;25.0;;;10029.0;10.0;10031.0;25.0;;;10023.5;0.0;23200
-2;23300;INTARIAN_PEPPER_ROOT;10018.0;12.0;10015.0;19.0;;;10029.0;12.0;10031.0;19.0;;;10023.5;0.0;23300
-2;23400;INTARIAN_PEPPER_ROOT;10018.0;8.0;;;;;10031.0;25.0;;;;;10024.5;0.0;23400
-2;23500;INTARIAN_PEPPER_ROOT;10018.0;9.0;;;;;10029.0;9.0;;;;;10023.5;0.0;23500
-2;23600;INTARIAN_PEPPER_ROOT;10018.0;8.0;10016.0;20.0;;;10029.0;8.0;10032.0;20.0;;;10023.5;0.0;23600
-2;23700;INTARIAN_PEPPER_ROOT;10018.0;11.0;;;;;10032.0;22.0;;;;;10025.0;0.0;23700
-2;23800;INTARIAN_PEPPER_ROOT;10018.0;10.0;10016.0;18.0;;;10029.0;10.0;10032.0;18.0;;;10023.5;0.0;23800
-2;23900;INTARIAN_PEPPER_ROOT;10018.0;10.0;10016.0;24.0;;;;;;;;;10018.0;0.0;23900
-2;24000;INTARIAN_PEPPER_ROOT;10016.0;19.0;;;;;;;;;;;10016.0;0.0;24000
-2;24100;INTARIAN_PEPPER_ROOT;10019.0;10.0;10016.0;16.0;;;10032.0;16.0;;;;;10025.5;0.0;24100
-2;24200;INTARIAN_PEPPER_ROOT;10019.0;9.0;10016.0;20.0;;;10030.0;9.0;;;;;10024.5;0.0;24200
-2;24300;INTARIAN_PEPPER_ROOT;10019.0;8.0;10016.0;24.0;;;10030.0;8.0;10032.0;24.0;;;10024.5;0.0;24300
-2;24400;INTARIAN_PEPPER_ROOT;10019.0;11.0;10016.0;19.0;;;10030.0;11.0;10032.0;19.0;;;10024.5;0.0;24400
-2;24500;INTARIAN_PEPPER_ROOT;10019.0;8.0;10016.0;22.0;;;10030.0;8.0;10033.0;22.0;;;10024.5;0.0;24500
-2;24600;INTARIAN_PEPPER_ROOT;10019.0;9.0;10017.0;22.0;;;10030.0;9.0;10033.0;22.0;;;10024.5;0.0;24600
-2;24700;INTARIAN_PEPPER_ROOT;10019.0;8.0;10017.0;21.0;;;;;;;;;10019.0;0.0;24700
-2;24800;INTARIAN_PEPPER_ROOT;10019.0;8.0;10017.0;19.0;;;10030.0;8.0;;;;;10024.5;0.0;24800
-2;24900;INTARIAN_PEPPER_ROOT;10017.0;15.0;;;;;10030.0;11.0;10033.0;15.0;;;10023.5;0.0;24900
-2;25000;INTARIAN_PEPPER_ROOT;;;;;;;10027.0;8.0;10031.0;12.0;;;10027.0;0.0;25000
-2;25100;INTARIAN_PEPPER_ROOT;10020.0;11.0;10017.0;23.0;;;10031.0;11.0;10033.0;23.0;;;10025.5;0.0;25100
-2;25200;INTARIAN_PEPPER_ROOT;10020.0;12.0;10017.0;18.0;;;10031.0;12.0;;;;;10025.5;0.0;25200
-2;25300;INTARIAN_PEPPER_ROOT;10020.0;10.0;10017.0;22.0;;;10031.0;10.0;10033.0;22.0;;;10025.5;0.0;25300
-2;25400;INTARIAN_PEPPER_ROOT;;;;;;;10031.0;8.0;10033.0;19.0;;;10031.0;0.0;25400
-2;25500;INTARIAN_PEPPER_ROOT;10020.0;12.0;10017.0;19.0;;;10031.0;12.0;10034.0;19.0;;;10025.5;0.0;25500
-2;25600;INTARIAN_PEPPER_ROOT;10020.0;11.0;10018.0;17.0;;;10031.0;11.0;10034.0;17.0;;;10025.5;0.0;25600
-2;25700;INTARIAN_PEPPER_ROOT;10020.0;9.0;10018.0;18.0;;;10031.0;9.0;10034.0;18.0;;;10025.5;0.0;25700
-2;25800;INTARIAN_PEPPER_ROOT;10018.0;23.0;;;;;10031.0;9.0;10034.0;23.0;;;10024.5;0.0;25800
-2;25900;INTARIAN_PEPPER_ROOT;10020.0;12.0;10018.0;22.0;;;10031.0;12.0;10034.0;22.0;;;10025.5;0.0;25900
-2;26000;INTARIAN_PEPPER_ROOT;10020.0;9.0;10018.0;18.0;;;10032.0;9.0;10034.0;18.0;;;10026.0;0.0;26000
-2;26100;INTARIAN_PEPPER_ROOT;10021.0;9.0;10018.0;25.0;;;10032.0;9.0;10034.0;25.0;;;10026.5;0.0;26100
-2;26200;INTARIAN_PEPPER_ROOT;10018.0;19.0;;;;;10032.0;8.0;10034.0;19.0;;;10025.0;0.0;26200
-2;26300;INTARIAN_PEPPER_ROOT;10021.0;12.0;10018.0;25.0;;;10032.0;12.0;;;;;10026.5;0.0;26300
-2;26400;INTARIAN_PEPPER_ROOT;10021.0;10.0;10018.0;15.0;;;10032.0;10.0;10034.0;15.0;;;10026.5;0.0;26400
-2;26500;INTARIAN_PEPPER_ROOT;10021.0;12.0;10018.0;18.0;;;10032.0;12.0;10035.0;18.0;;;10026.5;0.0;26500
-2;26600;INTARIAN_PEPPER_ROOT;10021.0;12.0;10019.0;18.0;;;10032.0;12.0;;;;;10026.5;0.0;26600
-2;26700;INTARIAN_PEPPER_ROOT;10021.0;10.0;;;;;10032.0;10.0;10035.0;21.0;;;10026.5;0.0;26700
-2;26800;INTARIAN_PEPPER_ROOT;10021.0;8.0;10019.0;25.0;;;10035.0;25.0;;;;;10028.0;0.0;26800
-2;26900;INTARIAN_PEPPER_ROOT;10019.0;24.0;;;;;10032.0;9.0;10035.0;24.0;;;10025.5;0.0;26900
-2;27000;INTARIAN_PEPPER_ROOT;10021.0;10.0;10019.0;18.0;;;10035.0;18.0;;;;;10028.0;0.0;27000
-2;27100;INTARIAN_PEPPER_ROOT;10022.0;8.0;10019.0;17.0;;;10035.0;17.0;;;;;10028.5;0.0;27100
-2;27200;INTARIAN_PEPPER_ROOT;10022.0;9.0;;;;;;;;;;;10022.0;0.0;27200
-2;27300;INTARIAN_PEPPER_ROOT;10022.0;10.0;10019.0;21.0;;;;;;;;;10022.0;0.0;27300
-2;27400;INTARIAN_PEPPER_ROOT;10022.0;10.0;10019.0;24.0;;;10035.0;24.0;;;;;10028.5;0.0;27400
-2;27500;INTARIAN_PEPPER_ROOT;10019.0;15.0;;;;;10033.0;11.0;10036.0;15.0;;;10026.0;0.0;27500
-2;27600;INTARIAN_PEPPER_ROOT;10022.0;12.0;10020.0;19.0;;;10033.0;12.0;;;;;10027.5;0.0;27600
-2;27700;INTARIAN_PEPPER_ROOT;10022.0;12.0;10020.0;21.0;;;10033.0;12.0;10036.0;21.0;;;10027.5;0.0;27700
-2;27800;INTARIAN_PEPPER_ROOT;10022.0;9.0;10020.0;17.0;;;10033.0;9.0;10036.0;17.0;;;10027.5;0.0;27800
-2;27900;INTARIAN_PEPPER_ROOT;10022.0;11.0;10020.0;15.0;;;10033.0;11.0;;;;;10027.5;0.0;27900
-2;28000;INTARIAN_PEPPER_ROOT;10022.0;11.0;;;;;10034.0;11.0;10036.0;16.0;;;10028.0;0.0;28000
-2;28100;INTARIAN_PEPPER_ROOT;10023.0;12.0;10020.0;22.0;;;10036.0;22.0;;;;;10029.5;0.0;28100
-2;28200;INTARIAN_PEPPER_ROOT;10020.0;21.0;;;;;10034.0;12.0;10036.0;21.0;;;10027.0;0.0;28200
-2;28300;INTARIAN_PEPPER_ROOT;10023.0;10.0;;;;;10034.0;10.0;10036.0;21.0;;;10028.5;0.0;28300
-2;28400;INTARIAN_PEPPER_ROOT;10023.0;10.0;10020.0;17.0;;;;;;;;;10023.0;0.0;28400
-2;28500;INTARIAN_PEPPER_ROOT;10023.0;10.0;10020.0;22.0;;;10034.0;10.0;10037.0;22.0;;;10028.5;0.0;28500
-2;28600;INTARIAN_PEPPER_ROOT;10023.0;8.0;;;;;10034.0;8.0;10037.0;24.0;;;10028.5;0.0;28600
-2;28700;INTARIAN_PEPPER_ROOT;10023.0;12.0;10021.0;23.0;;;10034.0;12.0;10037.0;23.0;;;10028.5;0.0;28700
-2;28800;INTARIAN_PEPPER_ROOT;10021.0;24.0;;;;;10034.0;9.0;10037.0;24.0;;;10027.5;0.0;28800
-2;28900;INTARIAN_PEPPER_ROOT;;;;;;;10034.0;11.0;10037.0;23.0;;;10034.0;0.0;28900
-2;29000;INTARIAN_PEPPER_ROOT;10023.0;8.0;10021.0;17.0;;;10037.0;17.0;;;;;10030.0;0.0;29000
-2;29100;INTARIAN_PEPPER_ROOT;10024.0;12.0;10021.0;16.0;;;10035.0;12.0;10037.0;16.0;;;10029.5;0.0;29100
-2;29200;INTARIAN_PEPPER_ROOT;10024.0;8.0;10021.0;23.0;;;10035.0;8.0;;;;;10029.5;0.0;29200
-2;29300;INTARIAN_PEPPER_ROOT;10021.0;23.0;;;;;10035.0;10.0;10037.0;23.0;;;10028.0;0.0;29300
-2;29400;INTARIAN_PEPPER_ROOT;10024.0;9.0;10021.0;22.0;;;10035.0;9.0;10037.0;22.0;;;10029.5;0.0;29400
-2;29500;INTARIAN_PEPPER_ROOT;10024.0;8.0;10021.0;19.0;;;10035.0;8.0;10038.0;19.0;;;10029.5;0.0;29500
-2;29600;INTARIAN_PEPPER_ROOT;10024.0;9.0;10022.0;24.0;;;10035.0;9.0;10038.0;24.0;;;10029.5;0.0;29600
-2;29700;INTARIAN_PEPPER_ROOT;10024.0;8.0;10022.0;17.0;;;10035.0;8.0;10038.0;17.0;;;10029.5;0.0;29700
-2;29800;INTARIAN_PEPPER_ROOT;10024.0;10.0;10022.0;22.0;;;10035.0;10.0;10038.0;22.0;;;10029.5;0.0;29800
-2;29900;INTARIAN_PEPPER_ROOT;10024.0;9.0;;;;;10035.0;9.0;10038.0;21.0;;;10029.5;0.0;29900
-2;30000;INTARIAN_PEPPER_ROOT;10022.0;24.0;;;;;10038.0;24.0;;;;;10030.0;0.0;30000
-2;30100;INTARIAN_PEPPER_ROOT;10025.0;10.0;;;;;10038.0;22.0;;;;;10031.5;0.0;30100
-2;30200;INTARIAN_PEPPER_ROOT;;;;;;;10036.0;12.0;;;;;10036.0;0.0;30200
-2;30300;INTARIAN_PEPPER_ROOT;10025.0;10.0;10022.0;19.0;;;10036.0;10.0;10038.0;19.0;;;10030.5;0.0;30300
-2;30400;INTARIAN_PEPPER_ROOT;10022.0;19.0;;;;;10036.0;8.0;10038.0;19.0;;;10029.0;0.0;30400
-2;30500;INTARIAN_PEPPER_ROOT;;;;;;;10032.0;8.0;10036.0;9.0;10039.0;18.0;10032.0;0.0;30500
-2;30600;INTARIAN_PEPPER_ROOT;10025.0;9.0;10023.0;21.0;;;10036.0;9.0;10039.0;21.0;;;10030.5;0.0;30600
-2;30700;INTARIAN_PEPPER_ROOT;10023.0;21.0;;;;;10036.0;10.0;10039.0;21.0;;;10029.5;0.0;30700
-2;30800;INTARIAN_PEPPER_ROOT;10025.0;11.0;10023.0;23.0;;;10039.0;23.0;;;;;10032.0;0.0;30800
-2;30900;INTARIAN_PEPPER_ROOT;;;;;;;10036.0;10.0;10039.0;16.0;;;10036.0;0.0;30900
-2;31000;INTARIAN_PEPPER_ROOT;10025.0;10.0;10023.0;22.0;;;10037.0;10.0;;;;;10031.0;0.0;31000
-2;31100;INTARIAN_PEPPER_ROOT;10026.0;9.0;;;;;;;;;;;10026.0;0.0;31100
-2;31200;INTARIAN_PEPPER_ROOT;10026.0;9.0;10023.0;23.0;;;;;;;;;10026.0;0.0;31200
-2;31300;INTARIAN_PEPPER_ROOT;;;;;;;10037.0;10.0;;;;;10037.0;0.0;31300
-2;31400;INTARIAN_PEPPER_ROOT;10026.0;9.0;10023.0;21.0;;;10037.0;9.0;10039.0;21.0;;;10031.5;0.0;31400
-2;31500;INTARIAN_PEPPER_ROOT;10026.0;8.0;;;;;10037.0;8.0;10040.0;21.0;;;10031.5;0.0;31500
-2;31600;INTARIAN_PEPPER_ROOT;10026.0;8.0;10024.0;23.0;;;10037.0;8.0;;;;;10031.5;0.0;31600
-2;31700;INTARIAN_PEPPER_ROOT;10026.0;11.0;10024.0;23.0;;;10037.0;11.0;10040.0;23.0;;;10031.5;0.0;31700
-2;31800;INTARIAN_PEPPER_ROOT;10026.0;11.0;;;;;10037.0;11.0;10040.0;15.0;;;10031.5;0.0;31800
-2;31900;INTARIAN_PEPPER_ROOT;10026.0;10.0;10024.0;20.0;;;10037.0;10.0;;;;;10031.5;0.0;31900
-2;32000;INTARIAN_PEPPER_ROOT;10026.0;11.0;10024.0;17.0;;;10038.0;11.0;10040.0;17.0;;;10032.0;0.0;32000
-2;32100;INTARIAN_PEPPER_ROOT;10027.0;11.0;;;;;10038.0;11.0;;;;;10032.5;0.0;32100
-2;32200;INTARIAN_PEPPER_ROOT;10027.0;12.0;10024.0;20.0;;;10038.0;12.0;10040.0;20.0;;;10032.5;0.0;32200
-2;32300;INTARIAN_PEPPER_ROOT;10027.0;10.0;10024.0;19.0;;;10040.0;19.0;;;;;10033.5;0.0;32300
-2;32400;INTARIAN_PEPPER_ROOT;;;;;;;10038.0;9.0;;;;;10038.0;0.0;32400
-2;32500;INTARIAN_PEPPER_ROOT;10027.0;12.0;10024.0;20.0;;;10038.0;12.0;;;;;10032.5;0.0;32500
-2;32600;INTARIAN_PEPPER_ROOT;10027.0;9.0;;;;;10038.0;9.0;10041.0;17.0;;;10032.5;0.0;32600
-2;32700;INTARIAN_PEPPER_ROOT;10027.0;8.0;10025.0;24.0;;;10038.0;8.0;10041.0;24.0;;;10032.5;0.0;32700
-2;32800;INTARIAN_PEPPER_ROOT;10027.0;12.0;10025.0;24.0;;;10038.0;12.0;10041.0;24.0;;;10032.5;0.0;32800
-2;32900;INTARIAN_PEPPER_ROOT;10027.0;8.0;10025.0;16.0;;;10041.0;16.0;;;;;10034.0;0.0;32900
-2;33000;INTARIAN_PEPPER_ROOT;10027.0;12.0;10025.0;25.0;;;10039.0;12.0;;;;;10033.0;0.0;33000
-2;33100;INTARIAN_PEPPER_ROOT;10028.0;9.0;10025.0;18.0;;;10039.0;9.0;10041.0;18.0;;;10033.5;0.0;33100
-2;33200;INTARIAN_PEPPER_ROOT;10028.0;9.0;10025.0;23.0;;;10039.0;9.0;10041.0;23.0;;;10033.5;0.0;33200
-2;33300;INTARIAN_PEPPER_ROOT;10025.0;21.0;;;;;10039.0;10.0;10041.0;21.0;;;10032.0;0.0;33300
-2;33400;INTARIAN_PEPPER_ROOT;10028.0;11.0;10025.0;20.0;;;10039.0;11.0;10041.0;20.0;;;10033.5;0.0;33400
-2;33500;INTARIAN_PEPPER_ROOT;10028.0;9.0;;;;;10039.0;9.0;10042.0;19.0;;;10033.5;0.0;33500
-2;33600;INTARIAN_PEPPER_ROOT;10028.0;9.0;10026.0;22.0;;;10039.0;9.0;10042.0;22.0;;;10033.5;0.0;33600
-2;33700;INTARIAN_PEPPER_ROOT;10028.0;10.0;10026.0;16.0;;;10035.0;5.0;10039.0;10.0;10042.0;16.0;10031.5;0.0;33700
-2;33800;INTARIAN_PEPPER_ROOT;10028.0;11.0;;;;;10039.0;11.0;10042.0;17.0;;;10033.5;0.0;33800
-2;33900;INTARIAN_PEPPER_ROOT;10026.0;17.0;;;;;;;;;;;10026.0;0.0;33900
-2;34000;INTARIAN_PEPPER_ROOT;10028.0;8.0;10026.0;21.0;;;10040.0;8.0;;;;;10034.0;0.0;34000
-2;34100;INTARIAN_PEPPER_ROOT;10029.0;12.0;10026.0;19.0;;;;;;;;;10029.0;0.0;34100
-2;34200;INTARIAN_PEPPER_ROOT;10029.0;12.0;10026.0;16.0;;;10040.0;12.0;10042.0;16.0;;;10034.5;0.0;34200
-2;34300;INTARIAN_PEPPER_ROOT;;;;;;;10040.0;12.0;10042.0;18.0;;;10040.0;0.0;34300
-2;34400;INTARIAN_PEPPER_ROOT;10029.0;10.0;10026.0;20.0;;;10042.0;20.0;;;;;10035.5;0.0;34400
-2;34500;INTARIAN_PEPPER_ROOT;10026.0;21.0;;;;;10040.0;12.0;10043.0;21.0;;;10033.0;0.0;34500
-2;34600;INTARIAN_PEPPER_ROOT;10029.0;10.0;10027.0;15.0;;;10043.0;15.0;;;;;10036.0;0.0;34600
-2;34700;INTARIAN_PEPPER_ROOT;10027.0;16.0;;;;;10040.0;10.0;10043.0;16.0;;;10033.5;0.0;34700
-2;34800;INTARIAN_PEPPER_ROOT;10029.0;11.0;10027.0;15.0;;;10040.0;11.0;10043.0;15.0;;;10034.5;0.0;34800
-2;34900;INTARIAN_PEPPER_ROOT;10027.0;19.0;;;;;10040.0;11.0;;;;;10033.5;0.0;34900
-2;35000;INTARIAN_PEPPER_ROOT;10029.0;11.0;;;;;10041.0;11.0;10043.0;18.0;;;10035.0;0.0;35000
-2;35100;INTARIAN_PEPPER_ROOT;10030.0;10.0;10027.0;17.0;;;10032.0;6.0;10037.0;5.0;10041.0;10.0;10031.0;0.0;35100
-2;35200;INTARIAN_PEPPER_ROOT;10030.0;11.0;10027.0;20.0;;;10032.0;5.0;10043.0;20.0;;;10031.0;0.0;35200
-2;35300;INTARIAN_PEPPER_ROOT;10027.0;25.0;;;;;10043.0;25.0;;;;;10035.0;0.0;35300
-2;35400;INTARIAN_PEPPER_ROOT;10030.0;11.0;10027.0;16.0;;;10041.0;11.0;;;;;10035.5;0.0;35400
-2;35500;INTARIAN_PEPPER_ROOT;10027.0;23.0;;;;;10041.0;8.0;;;;;10034.0;0.0;35500
-2;35600;INTARIAN_PEPPER_ROOT;;;;;;;10041.0;9.0;;;;;10041.0;0.0;35600
-2;35700;INTARIAN_PEPPER_ROOT;10030.0;9.0;10028.0;22.0;;;10044.0;22.0;;;;;10037.0;0.0;35700
-2;35800;INTARIAN_PEPPER_ROOT;10028.0;17.0;;;;;10041.0;8.0;;;;;10034.5;0.0;35800
-2;35900;INTARIAN_PEPPER_ROOT;10030.0;10.0;10028.0;22.0;;;10044.0;22.0;;;;;10037.0;0.0;35900
-2;36000;INTARIAN_PEPPER_ROOT;10030.0;8.0;10028.0;19.0;;;10042.0;8.0;;;;;10036.0;0.0;36000
-2;36100;INTARIAN_PEPPER_ROOT;10031.0;8.0;10028.0;22.0;;;10042.0;8.0;;;;;10036.5;0.0;36100
-2;36200;INTARIAN_PEPPER_ROOT;10031.0;10.0;10028.0;18.0;;;10042.0;10.0;10044.0;18.0;;;10036.5;0.0;36200
-2;36300;INTARIAN_PEPPER_ROOT;10031.0;8.0;10028.0;22.0;;;10042.0;8.0;10044.0;22.0;;;10036.5;0.0;36300
-2;36400;INTARIAN_PEPPER_ROOT;10031.0;9.0;10028.0;20.0;;;10042.0;9.0;10044.0;20.0;;;10036.5;0.0;36400
-2;36500;INTARIAN_PEPPER_ROOT;10031.0;11.0;10028.0;20.0;;;10042.0;11.0;10045.0;20.0;;;10036.5;0.0;36500
-2;36600;INTARIAN_PEPPER_ROOT;10031.0;9.0;10029.0;15.0;;;10042.0;9.0;;;;;10036.5;0.0;36600
-2;36700;INTARIAN_PEPPER_ROOT;10029.0;25.0;;;;;10042.0;11.0;10045.0;25.0;;;10035.5;0.0;36700
-2;36800;INTARIAN_PEPPER_ROOT;10031.0;11.0;10029.0;16.0;;;10042.0;11.0;10045.0;16.0;;;10036.5;0.0;36800
-2;36900;INTARIAN_PEPPER_ROOT;10031.0;12.0;10029.0;16.0;;;10042.0;12.0;;;;;10036.5;0.0;36900
-2;37000;INTARIAN_PEPPER_ROOT;10031.0;8.0;10029.0;20.0;;;10043.0;8.0;;;;;10037.0;0.0;37000
-2;37100;INTARIAN_PEPPER_ROOT;10029.0;23.0;;;;;10043.0;10.0;10045.0;23.0;;;10036.0;0.0;37100
-2;37200;INTARIAN_PEPPER_ROOT;10029.0;16.0;;;;;10043.0;10.0;;;;;10036.0;0.0;37200
-2;37300;INTARIAN_PEPPER_ROOT;10032.0;8.0;10029.0;17.0;;;10043.0;8.0;10045.0;17.0;;;10037.5;0.0;37300
-2;37400;INTARIAN_PEPPER_ROOT;10032.0;8.0;10029.0;19.0;;;10043.0;8.0;10045.0;19.0;;;10037.5;0.0;37400
-2;37500;INTARIAN_PEPPER_ROOT;10032.0;10.0;10029.0;23.0;;;10043.0;10.0;10046.0;23.0;;;10037.5;0.0;37500
-2;37600;INTARIAN_PEPPER_ROOT;10032.0;10.0;10030.0;22.0;;;10043.0;10.0;;;;;10037.5;0.0;37600
-2;37700;INTARIAN_PEPPER_ROOT;;;;;;;10043.0;12.0;10046.0;16.0;;;10043.0;0.0;37700
-2;37800;INTARIAN_PEPPER_ROOT;10032.0;8.0;;;;;10043.0;8.0;10046.0;18.0;;;10037.5;0.0;37800
-2;37900;INTARIAN_PEPPER_ROOT;10040.0;4.0;10032.0;12.0;10030.0;24.0;10043.0;12.0;10046.0;24.0;;;10041.5;0.0;37900
-2;38000;INTARIAN_PEPPER_ROOT;10032.0;12.0;10030.0;21.0;;;10044.0;12.0;10046.0;21.0;;;10038.0;0.0;38000
-2;38100;INTARIAN_PEPPER_ROOT;10030.0;22.0;;;;;10044.0;9.0;10046.0;22.0;;;10037.0;0.0;38100
-2;38200;INTARIAN_PEPPER_ROOT;10033.0;10.0;10030.0;17.0;;;10044.0;10.0;10046.0;17.0;;;10038.5;0.0;38200
-2;38300;INTARIAN_PEPPER_ROOT;10030.0;16.0;;;;;10044.0;10.0;10046.0;16.0;;;10037.0;0.0;38300
-2;38400;INTARIAN_PEPPER_ROOT;10030.0;22.0;;;;;10044.0;9.0;;;;;10037.0;0.0;38400
-2;38500;INTARIAN_PEPPER_ROOT;10033.0;9.0;;;;;10044.0;9.0;10047.0;25.0;;;10038.5;0.0;38500
-2;38600;INTARIAN_PEPPER_ROOT;10033.0;9.0;10031.0;23.0;;;10047.0;23.0;;;;;10040.0;0.0;38600
-2;38700;INTARIAN_PEPPER_ROOT;10033.0;12.0;;;;;10044.0;12.0;10047.0;21.0;;;10038.5;0.0;38700
-2;38800;INTARIAN_PEPPER_ROOT;10033.0;8.0;10031.0;19.0;;;10044.0;8.0;10047.0;19.0;;;10038.5;0.0;38800
-2;38900;INTARIAN_PEPPER_ROOT;10033.0;10.0;10031.0;16.0;;;10044.0;10.0;10047.0;16.0;;;10038.5;0.0;38900
-2;39000;INTARIAN_PEPPER_ROOT;10033.0;12.0;10031.0;24.0;;;10045.0;12.0;10047.0;24.0;;;10039.0;0.0;39000
-2;39100;INTARIAN_PEPPER_ROOT;10034.0;12.0;10031.0;20.0;;;10045.0;12.0;10047.0;20.0;;;10039.5;0.0;39100
-2;39200;INTARIAN_PEPPER_ROOT;10034.0;10.0;10031.0;25.0;;;;;;;;;10034.0;0.0;39200
-2;39300;INTARIAN_PEPPER_ROOT;10037.0;10.0;10034.0;12.0;10031.0;17.0;10045.0;12.0;10047.0;17.0;;;10041.0;0.0;39300
-2;39400;INTARIAN_PEPPER_ROOT;10034.0;11.0;;;;;10045.0;11.0;10047.0;25.0;;;10039.5;0.0;39400
-2;39500;INTARIAN_PEPPER_ROOT;10034.0;10.0;;;;;10045.0;10.0;10048.0;18.0;;;10039.5;0.0;39500
-2;39600;INTARIAN_PEPPER_ROOT;10034.0;11.0;10032.0;22.0;;;10045.0;11.0;;;;;10039.5;0.0;39600
-2;39700;INTARIAN_PEPPER_ROOT;10034.0;11.0;10032.0;18.0;;;10045.0;11.0;10048.0;18.0;;;10039.5;0.0;39700
-2;39800;INTARIAN_PEPPER_ROOT;10034.0;9.0;10032.0;21.0;;;10048.0;21.0;;;;;10041.0;0.0;39800
-2;39900;INTARIAN_PEPPER_ROOT;10042.0;6.0;10032.0;22.0;;;10045.0;9.0;10048.0;22.0;;;10043.5;0.0;39900
-2;40000;INTARIAN_PEPPER_ROOT;10034.0;12.0;10032.0;19.0;;;10048.0;19.0;;;;;10041.0;0.0;40000
-2;40100;INTARIAN_PEPPER_ROOT;10035.0;8.0;10032.0;24.0;;;;;;;;;10035.0;0.0;40100
-2;40200;INTARIAN_PEPPER_ROOT;10035.0;9.0;10032.0;25.0;;;10046.0;9.0;10048.0;25.0;;;10040.5;0.0;40200
-2;40300;INTARIAN_PEPPER_ROOT;10035.0;9.0;;;;;10048.0;20.0;;;;;10041.5;0.0;40300
-2;40400;INTARIAN_PEPPER_ROOT;;;;;;;10046.0;8.0;10048.0;25.0;;;10046.0;0.0;40400
-2;40500;INTARIAN_PEPPER_ROOT;10035.0;10.0;10032.0;18.0;;;10046.0;10.0;;;;;10040.5;0.0;40500
-2;40600;INTARIAN_PEPPER_ROOT;10035.0;11.0;10033.0;21.0;;;10046.0;11.0;10049.0;21.0;;;10040.5;0.0;40600
-2;40700;INTARIAN_PEPPER_ROOT;10035.0;12.0;10033.0;22.0;;;10046.0;12.0;10049.0;22.0;;;10040.5;0.0;40700
-2;40800;INTARIAN_PEPPER_ROOT;10035.0;9.0;10033.0;24.0;;;10046.0;9.0;10049.0;24.0;;;10040.5;0.0;40800
-2;40900;INTARIAN_PEPPER_ROOT;10035.0;9.0;10033.0;20.0;;;10046.0;9.0;10049.0;20.0;;;10040.5;0.0;40900
-2;41000;INTARIAN_PEPPER_ROOT;10035.0;11.0;10033.0;20.0;;;10047.0;11.0;10049.0;20.0;;;10041.0;0.0;41000
-2;41100;INTARIAN_PEPPER_ROOT;;;;;;;10049.0;23.0;;;;;10049.0;0.0;41100
-2;41200;INTARIAN_PEPPER_ROOT;10033.0;24.0;;;;;10047.0;8.0;10049.0;24.0;;;10040.0;0.0;41200
-2;41300;INTARIAN_PEPPER_ROOT;10036.0;12.0;;;;;10047.0;12.0;;;;;10041.5;0.0;41300
-2;41400;INTARIAN_PEPPER_ROOT;;;;;;;10047.0;11.0;;;;;10047.0;0.0;41400
-2;41500;INTARIAN_PEPPER_ROOT;10036.0;10.0;;;;;10047.0;10.0;10050.0;16.0;;;10041.5;0.0;41500
-2;41600;INTARIAN_PEPPER_ROOT;10036.0;9.0;10034.0;21.0;;;10047.0;9.0;10050.0;21.0;;;10041.5;0.0;41600
-2;41700;INTARIAN_PEPPER_ROOT;10034.0;17.0;;;;;10047.0;11.0;;;;;10040.5;0.0;41700
-2;41800;INTARIAN_PEPPER_ROOT;10036.0;11.0;10034.0;16.0;;;10047.0;11.0;10050.0;16.0;;;10041.5;0.0;41800
-2;41900;INTARIAN_PEPPER_ROOT;10036.0;10.0;10034.0;25.0;;;10047.0;10.0;10050.0;25.0;;;10041.5;0.0;41900
-2;42000;INTARIAN_PEPPER_ROOT;10036.0;8.0;10034.0;25.0;;;10048.0;8.0;10050.0;25.0;;;10042.0;0.0;42000
-2;42100;INTARIAN_PEPPER_ROOT;;;;;;;10048.0;11.0;;;;;10048.0;0.0;42100
-2;42200;INTARIAN_PEPPER_ROOT;10034.0;22.0;;;;;10048.0;12.0;10050.0;22.0;;;10041.0;0.0;42200
-2;42300;INTARIAN_PEPPER_ROOT;10037.0;11.0;10034.0;17.0;;;10050.0;17.0;;;;;10043.5;0.0;42300
-2;42400;INTARIAN_PEPPER_ROOT;10037.0;11.0;10034.0;22.0;;;10050.0;22.0;;;;;10043.5;0.0;42400
-2;42500;INTARIAN_PEPPER_ROOT;10037.0;11.0;10034.0;19.0;;;10051.0;19.0;;;;;10044.0;0.0;42500
-2;42600;INTARIAN_PEPPER_ROOT;10037.0;11.0;10035.0;19.0;;;10051.0;19.0;;;;;10044.0;0.0;42600
-2;42700;INTARIAN_PEPPER_ROOT;10037.0;8.0;10035.0;19.0;;;10048.0;8.0;10051.0;19.0;;;10042.5;0.0;42700
-2;42800;INTARIAN_PEPPER_ROOT;10037.0;10.0;10035.0;22.0;;;10048.0;10.0;10051.0;22.0;;;10042.5;0.0;42800
-2;42900;INTARIAN_PEPPER_ROOT;10037.0;11.0;10035.0;25.0;;;10048.0;11.0;10051.0;25.0;;;10042.5;0.0;42900
-2;43000;INTARIAN_PEPPER_ROOT;10037.0;9.0;;;;;10049.0;9.0;10051.0;16.0;;;10043.0;0.0;43000
-2;43100;INTARIAN_PEPPER_ROOT;10038.0;11.0;10035.0;20.0;;;10049.0;11.0;;;;;10043.5;0.0;43100
-2;43200;INTARIAN_PEPPER_ROOT;10038.0;12.0;10035.0;20.0;;;10049.0;12.0;10051.0;20.0;;;10043.5;0.0;43200
-2;43300;INTARIAN_PEPPER_ROOT;10038.0;8.0;10035.0;23.0;;;10049.0;8.0;10051.0;23.0;;;10043.5;0.0;43300
-2;43400;INTARIAN_PEPPER_ROOT;10038.0;10.0;10035.0;22.0;;;10049.0;10.0;10051.0;22.0;;;10043.5;0.0;43400
-2;43500;INTARIAN_PEPPER_ROOT;10038.0;11.0;10035.0;17.0;;;10052.0;17.0;;;;;10045.0;0.0;43500
-2;43600;INTARIAN_PEPPER_ROOT;10038.0;8.0;;;;;10049.0;8.0;;;;;10043.5;0.0;43600
-2;43700;INTARIAN_PEPPER_ROOT;10038.0;9.0;;;;;10049.0;9.0;;;;;10043.5;0.0;43700
-2;43800;INTARIAN_PEPPER_ROOT;10038.0;10.0;10036.0;18.0;;;10049.0;10.0;10052.0;18.0;;;10043.5;0.0;43800
-2;43900;INTARIAN_PEPPER_ROOT;10038.0;12.0;10036.0;15.0;;;10049.0;12.0;10052.0;15.0;;;10043.5;0.0;43900
-2;44000;INTARIAN_PEPPER_ROOT;10038.0;10.0;10036.0;21.0;;;10050.0;10.0;10052.0;21.0;;;10044.0;0.0;44000
-2;44100;INTARIAN_PEPPER_ROOT;10039.0;10.0;10036.0;18.0;;;10052.0;18.0;;;;;10045.5;0.0;44100
-2;44200;INTARIAN_PEPPER_ROOT;10039.0;12.0;10036.0;22.0;;;10050.0;12.0;10052.0;22.0;;;10044.5;0.0;44200
-2;44300;INTARIAN_PEPPER_ROOT;10036.0;16.0;;;;;10050.0;9.0;10052.0;16.0;;;10043.0;0.0;44300
-2;44400;INTARIAN_PEPPER_ROOT;10039.0;8.0;;;;;10052.0;25.0;;;;;10045.5;0.0;44400
-2;44500;INTARIAN_PEPPER_ROOT;10036.0;21.0;;;;;10053.0;21.0;;;;;10044.5;0.0;44500
-2;44600;INTARIAN_PEPPER_ROOT;10037.0;20.0;;;;;10050.0;12.0;10053.0;20.0;;;10043.5;0.0;44600
-2;44700;INTARIAN_PEPPER_ROOT;10039.0;10.0;10037.0;21.0;;;;;;;;;10039.0;0.0;44700
-2;44800;INTARIAN_PEPPER_ROOT;10039.0;12.0;10037.0;15.0;;;10050.0;12.0;10053.0;15.0;;;10044.5;0.0;44800
-2;44900;INTARIAN_PEPPER_ROOT;10037.0;18.0;;;;;10050.0;12.0;10053.0;18.0;;;10043.5;0.0;44900
-2;45000;INTARIAN_PEPPER_ROOT;10039.0;11.0;10037.0;24.0;;;10051.0;11.0;10053.0;24.0;;;10045.0;0.0;45000
-2;45100;INTARIAN_PEPPER_ROOT;10048.0;4.0;10040.0;12.0;10037.0;17.0;10051.0;12.0;;;;;10049.5;0.0;45100
-2;45200;INTARIAN_PEPPER_ROOT;10040.0;10.0;10037.0;22.0;;;10051.0;10.0;10053.0;22.0;;;10045.5;0.0;45200
-2;45300;INTARIAN_PEPPER_ROOT;10037.0;21.0;;;;;10051.0;10.0;;;;;10044.0;0.0;45300
-2;45400;INTARIAN_PEPPER_ROOT;10040.0;8.0;10037.0;24.0;;;10051.0;8.0;10053.0;24.0;;;10045.5;0.0;45400
-2;45500;INTARIAN_PEPPER_ROOT;10040.0;9.0;10037.0;21.0;;;10051.0;9.0;;;;;10045.5;0.0;45500
-2;45600;INTARIAN_PEPPER_ROOT;10038.0;24.0;;;;;10051.0;9.0;10054.0;24.0;;;10044.5;0.0;45600
-2;45700;INTARIAN_PEPPER_ROOT;10040.0;9.0;;;;;10051.0;9.0;10054.0;21.0;;;10045.5;0.0;45700
-2;45800;INTARIAN_PEPPER_ROOT;10040.0;12.0;10038.0;15.0;;;10051.0;12.0;10054.0;15.0;;;10045.5;0.0;45800
-2;45900;INTARIAN_PEPPER_ROOT;10038.0;16.0;;;;;10051.0;8.0;10054.0;16.0;;;10044.5;0.0;45900
-2;46000;INTARIAN_PEPPER_ROOT;10038.0;15.0;;;;;10052.0;9.0;10054.0;15.0;;;10045.0;0.0;46000
-2;46100;INTARIAN_PEPPER_ROOT;10041.0;11.0;10038.0;23.0;;;10052.0;11.0;10054.0;23.0;;;10046.5;0.0;46100
-2;46200;INTARIAN_PEPPER_ROOT;10041.0;9.0;10038.0;22.0;;;;;;;;;10041.0;0.0;46200
-2;46300;INTARIAN_PEPPER_ROOT;10041.0;10.0;;;;;10052.0;10.0;10054.0;21.0;;;10046.5;0.0;46300
-2;46400;INTARIAN_PEPPER_ROOT;10049.0;4.0;10041.0;8.0;10038.0;19.0;10052.0;8.0;10054.0;19.0;;;10050.5;0.0;46400
-2;46500;INTARIAN_PEPPER_ROOT;10041.0;8.0;10038.0;21.0;;;10052.0;8.0;;;;;10046.5;0.0;46500
-2;46600;INTARIAN_PEPPER_ROOT;10041.0;8.0;;;;;10052.0;8.0;10055.0;21.0;;;10046.5;0.0;46600
-2;46700;INTARIAN_PEPPER_ROOT;;;;;;;10052.0;11.0;10055.0;19.0;;;10052.0;0.0;46700
-2;46800;INTARIAN_PEPPER_ROOT;10041.0;10.0;10039.0;25.0;;;10052.0;10.0;10055.0;25.0;;;10046.5;0.0;46800
-2;46900;INTARIAN_PEPPER_ROOT;10041.0;12.0;;;;;10052.0;12.0;10055.0;25.0;;;10046.5;0.0;46900
-2;47000;INTARIAN_PEPPER_ROOT;10041.0;12.0;10039.0;22.0;;;10053.0;12.0;10055.0;22.0;;;10047.0;0.0;47000
-2;47100;INTARIAN_PEPPER_ROOT;10042.0;9.0;10039.0;20.0;;;10053.0;9.0;10055.0;20.0;;;10047.5;0.0;47100
-2;47200;INTARIAN_PEPPER_ROOT;10042.0;12.0;10039.0;18.0;;;10053.0;12.0;;;;;10047.5;0.0;47200
-2;47300;INTARIAN_PEPPER_ROOT;10039.0;25.0;;;;;10053.0;10.0;10055.0;25.0;;;10046.0;0.0;47300
-2;47400;INTARIAN_PEPPER_ROOT;10039.0;21.0;;;;;10053.0;12.0;;;;;10046.0;0.0;47400
-2;47500;INTARIAN_PEPPER_ROOT;10042.0;11.0;10039.0;25.0;;;10056.0;25.0;;;;;10049.0;0.0;47500
-2;47600;INTARIAN_PEPPER_ROOT;10040.0;23.0;;;;;10053.0;10.0;10056.0;23.0;;;10046.5;0.0;47600
-2;47700;INTARIAN_PEPPER_ROOT;10042.0;8.0;10040.0;23.0;;;10056.0;23.0;;;;;10049.0;0.0;47700
-2;47800;INTARIAN_PEPPER_ROOT;10042.0;11.0;10040.0;15.0;;;10053.0;11.0;10056.0;15.0;;;10047.5;0.0;47800
-2;47900;INTARIAN_PEPPER_ROOT;10042.0;11.0;10040.0;19.0;;;10053.0;11.0;10056.0;19.0;;;10047.5;0.0;47900
-2;48000;INTARIAN_PEPPER_ROOT;10042.0;10.0;10040.0;18.0;;;10054.0;10.0;;;;;10048.0;0.0;48000
-2;48100;INTARIAN_PEPPER_ROOT;10043.0;11.0;10040.0;24.0;;;10054.0;11.0;10056.0;24.0;;;10048.5;0.0;48100
-2;48200;INTARIAN_PEPPER_ROOT;10043.0;11.0;10040.0;20.0;;;10054.0;11.0;10056.0;20.0;;;10048.5;0.0;48200
-2;48300;INTARIAN_PEPPER_ROOT;10043.0;11.0;10040.0;16.0;;;10054.0;11.0;10056.0;16.0;;;10048.5;0.0;48300
-2;48400;INTARIAN_PEPPER_ROOT;10043.0;8.0;10040.0;24.0;;;10054.0;8.0;;;;;10048.5;0.0;48400
-2;48500;INTARIAN_PEPPER_ROOT;10043.0;9.0;10040.0;23.0;;;10054.0;9.0;10057.0;23.0;;;10048.5;0.0;48500
-2;48600;INTARIAN_PEPPER_ROOT;10043.0;11.0;10041.0;25.0;;;10054.0;11.0;10057.0;25.0;;;10048.5;0.0;48600
-2;48700;INTARIAN_PEPPER_ROOT;10043.0;12.0;;;;;10054.0;12.0;10057.0;20.0;;;10048.5;0.0;48700
-2;48800;INTARIAN_PEPPER_ROOT;10043.0;9.0;10041.0;22.0;;;;;;;;;10043.0;0.0;48800
-2;48900;INTARIAN_PEPPER_ROOT;10041.0;17.0;;;;;10054.0;8.0;;;;;10047.5;0.0;48900
-2;49000;INTARIAN_PEPPER_ROOT;10043.0;12.0;;;;;10055.0;12.0;10057.0;25.0;;;10049.0;0.0;49000
-2;49100;INTARIAN_PEPPER_ROOT;10044.0;11.0;10041.0;18.0;;;10055.0;11.0;10057.0;18.0;;;10049.5;0.0;49100
-2;49200;INTARIAN_PEPPER_ROOT;10041.0;17.0;;;;;10055.0;10.0;10057.0;17.0;;;10048.0;0.0;49200
-2;49300;INTARIAN_PEPPER_ROOT;10041.0;21.0;;;;;10055.0;8.0;10057.0;21.0;;;10048.0;0.0;49300
-2;49400;INTARIAN_PEPPER_ROOT;10044.0;9.0;;;;;10055.0;9.0;10057.0;22.0;;;10049.5;0.0;49400
-2;49500;INTARIAN_PEPPER_ROOT;10044.0;10.0;10041.0;15.0;;;10055.0;10.0;10058.0;15.0;;;10049.5;0.0;49500
-2;49600;INTARIAN_PEPPER_ROOT;10042.0;15.0;;;;;10055.0;11.0;10058.0;15.0;;;10048.5;0.0;49600
-2;49700;INTARIAN_PEPPER_ROOT;10044.0;9.0;10042.0;25.0;;;10055.0;9.0;10058.0;25.0;;;10049.5;0.0;49700
-2;49800;INTARIAN_PEPPER_ROOT;10042.0;24.0;;;;;10055.0;11.0;10058.0;24.0;;;10048.5;0.0;49800
-2;49900;INTARIAN_PEPPER_ROOT;10044.0;9.0;;;;;10055.0;9.0;10058.0;18.0;;;10049.5;0.0;49900
-2;50000;INTARIAN_PEPPER_ROOT;10044.0;9.0;10042.0;18.0;;;;;;;;;10044.0;0.0;50000
-2;50100;INTARIAN_PEPPER_ROOT;10045.0;9.0;10042.0;24.0;;;;;;;;;10045.0;0.0;50100
-2;50200;INTARIAN_PEPPER_ROOT;10045.0;12.0;10042.0;16.0;;;10056.0;12.0;;;;;10050.5;0.0;50200
-2;50300;INTARIAN_PEPPER_ROOT;10045.0;11.0;10042.0;24.0;;;10056.0;11.0;10058.0;24.0;;;10050.5;0.0;50300
-2;50400;INTARIAN_PEPPER_ROOT;10045.0;9.0;10042.0;19.0;;;10056.0;9.0;10058.0;19.0;;;10050.5;0.0;50400
-2;50500;INTARIAN_PEPPER_ROOT;10042.0;19.0;;;;;10059.0;19.0;;;;;10050.5;0.0;50500
-2;50600;INTARIAN_PEPPER_ROOT;10045.0;8.0;10043.0;25.0;;;10056.0;8.0;10059.0;25.0;;;10050.5;0.0;50600
-2;50700;INTARIAN_PEPPER_ROOT;10045.0;8.0;10043.0;21.0;;;10059.0;21.0;;;;;10052.0;0.0;50700
-2;50800;INTARIAN_PEPPER_ROOT;10045.0;11.0;10043.0;25.0;;;10056.0;11.0;10059.0;25.0;;;10050.5;0.0;50800
-2;50900;INTARIAN_PEPPER_ROOT;10045.0;8.0;;;;;10056.0;8.0;10059.0;20.0;;;10050.5;0.0;50900
-2;51000;INTARIAN_PEPPER_ROOT;10045.0;10.0;10043.0;16.0;;;10057.0;10.0;10059.0;16.0;;;10051.0;0.0;51000
-2;51100;INTARIAN_PEPPER_ROOT;10046.0;9.0;10043.0;22.0;;;;;;;;;10046.0;0.0;51100
-2;51200;INTARIAN_PEPPER_ROOT;10046.0;12.0;10043.0;19.0;;;10057.0;12.0;;;;;10051.5;0.0;51200
-2;51300;INTARIAN_PEPPER_ROOT;10046.0;12.0;;;;;10057.0;12.0;10059.0;25.0;;;10051.5;0.0;51300
-2;51400;INTARIAN_PEPPER_ROOT;10043.0;16.0;;;;;10057.0;11.0;10059.0;16.0;;;10050.0;0.0;51400
-2;51500;INTARIAN_PEPPER_ROOT;10046.0;11.0;;;;;10057.0;11.0;10060.0;18.0;;;10051.5;0.0;51500
-2;51600;INTARIAN_PEPPER_ROOT;10046.0;12.0;;;;;10057.0;12.0;10060.0;17.0;;;10051.5;0.0;51600
-2;51700;INTARIAN_PEPPER_ROOT;10044.0;24.0;;;;;10060.0;24.0;;;;;10052.0;0.0;51700
-2;51800;INTARIAN_PEPPER_ROOT;10044.0;21.0;;;;;10057.0;10.0;10060.0;21.0;;;10050.5;0.0;51800
-2;51900;INTARIAN_PEPPER_ROOT;10046.0;12.0;10044.0;22.0;;;10057.0;12.0;10060.0;22.0;;;10051.5;0.0;51900
-2;52000;INTARIAN_PEPPER_ROOT;10046.0;8.0;10044.0;18.0;;;10058.0;8.0;10060.0;18.0;;;10052.0;0.0;52000
-2;52100;INTARIAN_PEPPER_ROOT;10047.0;11.0;10044.0;17.0;;;10058.0;11.0;10060.0;17.0;;;10052.5;0.0;52100
-2;52200;INTARIAN_PEPPER_ROOT;10047.0;10.0;10044.0;24.0;;;10058.0;10.0;10060.0;24.0;;;10052.5;0.0;52200
-2;52300;INTARIAN_PEPPER_ROOT;;;;;;;10058.0;12.0;10060.0;20.0;;;10058.0;0.0;52300
-2;52400;INTARIAN_PEPPER_ROOT;10047.0;12.0;10044.0;15.0;;;10058.0;12.0;10060.0;15.0;;;10052.5;0.0;52400
-2;52500;INTARIAN_PEPPER_ROOT;10047.0;8.0;;;;;10061.0;18.0;;;;;10054.0;0.0;52500
-2;52600;INTARIAN_PEPPER_ROOT;10045.0;20.0;;;;;10058.0;10.0;10061.0;20.0;;;10051.5;0.0;52600
-2;52700;INTARIAN_PEPPER_ROOT;10045.0;23.0;;;;;10058.0;9.0;10061.0;23.0;;;10051.5;0.0;52700
-2;52800;INTARIAN_PEPPER_ROOT;10047.0;11.0;10045.0;16.0;;;10058.0;11.0;10061.0;16.0;;;10052.5;0.0;52800
-2;52900;INTARIAN_PEPPER_ROOT;10047.0;8.0;10045.0;15.0;;;10049.0;6.0;10061.0;15.0;;;10048.0;0.0;52900
-2;53000;INTARIAN_PEPPER_ROOT;;;;;;;10049.0;6.0;10059.0;12.0;10061.0;24.0;10049.0;0.0;53000
-2;53100;INTARIAN_PEPPER_ROOT;10045.0;23.0;;;;;10061.0;23.0;;;;;10053.0;0.0;53100
-2;53200;INTARIAN_PEPPER_ROOT;10048.0;8.0;;;;;10059.0;8.0;10061.0;16.0;;;10053.5;0.0;53200
-2;53300;INTARIAN_PEPPER_ROOT;10045.0;21.0;;;;;10061.0;21.0;;;;;10053.0;0.0;53300
-2;53400;INTARIAN_PEPPER_ROOT;10045.0;25.0;;;;;10059.0;11.0;10061.0;25.0;;;10052.0;0.0;53400
-2;53500;INTARIAN_PEPPER_ROOT;10048.0;12.0;;;;;10059.0;12.0;10062.0;16.0;;;10053.5;0.0;53500
-2;53600;INTARIAN_PEPPER_ROOT;10048.0;8.0;;;;;10059.0;8.0;10062.0;20.0;;;10053.5;0.0;53600
-2;53700;INTARIAN_PEPPER_ROOT;10048.0;9.0;10046.0;24.0;;;10059.0;9.0;10062.0;24.0;;;10053.5;0.0;53700
-2;53800;INTARIAN_PEPPER_ROOT;10048.0;10.0;10046.0;16.0;;;10059.0;10.0;10062.0;16.0;;;10053.5;0.0;53800
-2;53900;INTARIAN_PEPPER_ROOT;10048.0;12.0;10046.0;21.0;;;10059.0;12.0;10062.0;21.0;;;10053.5;0.0;53900
-2;54000;INTARIAN_PEPPER_ROOT;10048.0;8.0;;;;;10060.0;8.0;10062.0;18.0;;;10054.0;0.0;54000
-2;54100;INTARIAN_PEPPER_ROOT;10046.0;21.0;;;;;10062.0;21.0;;;;;10054.0;0.0;54100
-2;54200;INTARIAN_PEPPER_ROOT;10049.0;12.0;10046.0;21.0;;;;;;;;;10049.0;0.0;54200
-2;54300;INTARIAN_PEPPER_ROOT;10049.0;11.0;10046.0;15.0;;;10060.0;11.0;;;;;10054.5;0.0;54300
-2;54400;INTARIAN_PEPPER_ROOT;10049.0;9.0;10046.0;23.0;;;10060.0;9.0;10062.0;23.0;;;10054.5;0.0;54400
-2;54500;INTARIAN_PEPPER_ROOT;10049.0;10.0;10046.0;18.0;;;10060.0;10.0;10063.0;18.0;;;10054.5;0.0;54500
-2;54600;INTARIAN_PEPPER_ROOT;10047.0;24.0;;;;;;;;;;;10047.0;0.0;54600
-2;54700;INTARIAN_PEPPER_ROOT;10049.0;11.0;10047.0;22.0;;;10063.0;22.0;;;;;10056.0;0.0;54700
-2;54800;INTARIAN_PEPPER_ROOT;10049.0;12.0;10047.0;16.0;;;10060.0;12.0;;;;;10054.5;0.0;54800
-2;54900;INTARIAN_PEPPER_ROOT;10049.0;12.0;10047.0;23.0;;;10060.0;12.0;10063.0;23.0;;;10054.5;0.0;54900
-2;55000;INTARIAN_PEPPER_ROOT;10049.0;11.0;10047.0;25.0;;;10061.0;11.0;;;;;10055.0;0.0;55000
-2;55100;INTARIAN_PEPPER_ROOT;10050.0;11.0;;;;;10063.0;23.0;;;;;10056.5;0.0;55100
-2;55200;INTARIAN_PEPPER_ROOT;10050.0;8.0;10047.0;22.0;;;10061.0;8.0;;;;;10055.5;0.0;55200
-2;55300;INTARIAN_PEPPER_ROOT;10050.0;9.0;10047.0;17.0;;;10052.0;7.0;10061.0;9.0;;;10051.0;0.0;55300
-2;55400;INTARIAN_PEPPER_ROOT;10050.0;11.0;10047.0;20.0;;;10061.0;11.0;10063.0;20.0;;;10055.5;0.0;55400
-2;55500;INTARIAN_PEPPER_ROOT;10050.0;12.0;10047.0;17.0;;;;;;;;;10050.0;0.0;55500
-2;55600;INTARIAN_PEPPER_ROOT;10050.0;10.0;;;;;10061.0;10.0;10064.0;22.0;;;10055.5;0.0;55600
-2;55700;INTARIAN_PEPPER_ROOT;10050.0;11.0;;;;;10061.0;11.0;10064.0;16.0;;;10055.5;0.0;55700
-2;55800;INTARIAN_PEPPER_ROOT;10050.0;9.0;10048.0;19.0;;;10061.0;9.0;10064.0;19.0;;;10055.5;0.0;55800
-2;55900;INTARIAN_PEPPER_ROOT;10050.0;12.0;10048.0;20.0;;;10061.0;12.0;10064.0;20.0;;;10055.5;0.0;55900
-2;56000;INTARIAN_PEPPER_ROOT;10050.0;8.0;10048.0;19.0;;;10062.0;8.0;10064.0;19.0;;;10056.0;0.0;56000
-2;56100;INTARIAN_PEPPER_ROOT;10051.0;9.0;;;;;10062.0;9.0;10064.0;15.0;;;10056.5;0.0;56100
-2;56200;INTARIAN_PEPPER_ROOT;10048.0;25.0;;;;;;;;;;;10048.0;0.0;56200
-2;56300;INTARIAN_PEPPER_ROOT;10051.0;11.0;10048.0;22.0;;;10062.0;11.0;10064.0;22.0;;;10056.5;0.0;56300
-2;56400;INTARIAN_PEPPER_ROOT;10051.0;8.0;;;;;10062.0;8.0;10064.0;20.0;;;10056.5;0.0;56400
-2;56500;INTARIAN_PEPPER_ROOT;10051.0;11.0;10048.0;19.0;;;10062.0;11.0;10065.0;19.0;;;10056.5;0.0;56500
-2;56600;INTARIAN_PEPPER_ROOT;10049.0;20.0;;;;;10062.0;11.0;10065.0;20.0;;;10055.5;0.0;56600
-2;56700;INTARIAN_PEPPER_ROOT;10051.0;9.0;10049.0;19.0;;;;;;;;;10051.0;0.0;56700
-2;56800;INTARIAN_PEPPER_ROOT;10051.0;12.0;10049.0;24.0;;;10062.0;12.0;10065.0;24.0;;;10056.5;0.0;56800
-2;56900;INTARIAN_PEPPER_ROOT;10051.0;11.0;10049.0;19.0;;;10062.0;11.0;10065.0;19.0;;;10056.5;0.0;56900
-2;57000;INTARIAN_PEPPER_ROOT;10051.0;9.0;;;;;10063.0;9.0;10065.0;16.0;;;10057.0;0.0;57000
-2;57100;INTARIAN_PEPPER_ROOT;10052.0;9.0;10049.0;25.0;;;10063.0;9.0;10065.0;25.0;;;10057.5;0.0;57100
-2;57200;INTARIAN_PEPPER_ROOT;10060.0;8.0;10052.0;8.0;10049.0;23.0;10063.0;8.0;10065.0;23.0;;;10061.5;0.0;57200
-2;57300;INTARIAN_PEPPER_ROOT;10052.0;12.0;10049.0;17.0;;;10063.0;12.0;10065.0;17.0;;;10057.5;0.0;57300
-2;57400;INTARIAN_PEPPER_ROOT;10049.0;24.0;;;;;10063.0;8.0;10065.0;24.0;;;10056.0;0.0;57400
-2;57500;INTARIAN_PEPPER_ROOT;10052.0;9.0;10049.0;15.0;;;10063.0;9.0;;;;;10057.5;0.0;57500
-2;57600;INTARIAN_PEPPER_ROOT;10050.0;18.0;;;;;10063.0;9.0;;;;;10056.5;0.0;57600
-2;57700;INTARIAN_PEPPER_ROOT;10052.0;9.0;10050.0;17.0;;;10066.0;17.0;;;;;10059.0;0.0;57700
-2;57800;INTARIAN_PEPPER_ROOT;10050.0;22.0;;;;;10063.0;11.0;10066.0;22.0;;;10056.5;0.0;57800
-2;57900;INTARIAN_PEPPER_ROOT;10050.0;21.0;;;;;10066.0;21.0;;;;;10058.0;0.0;57900
-2;58000;INTARIAN_PEPPER_ROOT;10052.0;12.0;;;;;10064.0;12.0;10066.0;15.0;;;10058.0;0.0;58000
-2;58100;INTARIAN_PEPPER_ROOT;10053.0;12.0;10050.0;22.0;;;10064.0;12.0;10066.0;22.0;;;10058.5;0.0;58100
-2;58200;INTARIAN_PEPPER_ROOT;10053.0;9.0;10050.0;22.0;;;10064.0;9.0;10066.0;22.0;;;10058.5;0.0;58200
-2;58300;INTARIAN_PEPPER_ROOT;;;;;;;10064.0;11.0;10066.0;19.0;;;10064.0;0.0;58300
-2;58400;INTARIAN_PEPPER_ROOT;10053.0;9.0;;;;;;;;;;;10053.0;0.0;58400
-2;58500;INTARIAN_PEPPER_ROOT;10050.0;24.0;;;;;10067.0;24.0;;;;;10058.5;0.0;58500
-2;58600;INTARIAN_PEPPER_ROOT;10053.0;9.0;10051.0;16.0;;;10064.0;9.0;10067.0;16.0;;;10058.5;0.0;58600
-2;58700;INTARIAN_PEPPER_ROOT;10053.0;12.0;10051.0;15.0;;;10064.0;12.0;10067.0;15.0;;;10058.5;0.0;58700
-2;58800;INTARIAN_PEPPER_ROOT;10053.0;9.0;;;;;10064.0;9.0;10067.0;19.0;;;10058.5;0.0;58800
-2;58900;INTARIAN_PEPPER_ROOT;10053.0;10.0;10051.0;15.0;;;10064.0;10.0;10067.0;15.0;;;10058.5;0.0;58900
-2;59000;INTARIAN_PEPPER_ROOT;10053.0;11.0;10051.0;17.0;;;10065.0;11.0;;;;;10059.0;0.0;59000
-2;59100;INTARIAN_PEPPER_ROOT;10051.0;22.0;;;;;;;;;;;10051.0;0.0;59100
-2;59200;INTARIAN_PEPPER_ROOT;10057.0;5.0;10051.0;18.0;;;10067.0;18.0;;;;;10062.0;0.0;59200
-2;59300;INTARIAN_PEPPER_ROOT;10054.0;8.0;;;;;10065.0;8.0;10067.0;19.0;;;10059.5;0.0;59300
-2;59400;INTARIAN_PEPPER_ROOT;10054.0;11.0;10051.0;25.0;;;10065.0;11.0;10067.0;25.0;;;10059.5;0.0;59400
-2;59500;INTARIAN_PEPPER_ROOT;10051.0;24.0;;;;;10065.0;9.0;10068.0;24.0;;;10058.0;0.0;59500
-2;59600;INTARIAN_PEPPER_ROOT;10054.0;9.0;10052.0;21.0;;;10065.0;9.0;10068.0;21.0;;;10059.5;0.0;59600
-2;59700;INTARIAN_PEPPER_ROOT;10054.0;12.0;10052.0;16.0;;;10068.0;16.0;;;;;10061.0;0.0;59700
-2;59800;INTARIAN_PEPPER_ROOT;10054.0;12.0;10052.0;21.0;;;10065.0;12.0;10068.0;21.0;;;10059.5;0.0;59800
-2;59900;INTARIAN_PEPPER_ROOT;10054.0;10.0;10052.0;22.0;;;10065.0;10.0;10068.0;22.0;;;10059.5;0.0;59900
-2;60000;INTARIAN_PEPPER_ROOT;10052.0;21.0;;;;;10066.0;9.0;10068.0;21.0;;;10059.0;0.0;60000
-2;60100;INTARIAN_PEPPER_ROOT;10052.0;20.0;;;;;10068.0;20.0;;;;;10060.0;0.0;60100
-2;60200;INTARIAN_PEPPER_ROOT;10055.0;8.0;10052.0;19.0;;;;;;;;;10055.0;0.0;60200
-2;60300;INTARIAN_PEPPER_ROOT;10052.0;25.0;;;;;10068.0;25.0;;;;;10060.0;0.0;60300
-2;60400;INTARIAN_PEPPER_ROOT;10055.0;10.0;10052.0;23.0;;;10066.0;10.0;10068.0;23.0;;;10060.5;0.0;60400
-2;60500;INTARIAN_PEPPER_ROOT;10055.0;9.0;;;;;10066.0;9.0;;;;;10060.5;0.0;60500
-2;60600;INTARIAN_PEPPER_ROOT;10055.0;10.0;10053.0;25.0;;;10066.0;10.0;10069.0;25.0;;;10060.5;0.0;60600
-2;60700;INTARIAN_PEPPER_ROOT;10055.0;10.0;10053.0;17.0;;;10066.0;10.0;10069.0;17.0;;;10060.5;0.0;60700
-2;60800;INTARIAN_PEPPER_ROOT;10055.0;10.0;;;;;10066.0;10.0;10069.0;25.0;;;10060.5;0.0;60800
-2;60900;INTARIAN_PEPPER_ROOT;10055.0;9.0;10053.0;15.0;;;10066.0;9.0;10069.0;15.0;;;10060.5;0.0;60900
-2;61000;INTARIAN_PEPPER_ROOT;10055.0;9.0;10053.0;19.0;;;10067.0;9.0;10069.0;19.0;;;10061.0;0.0;61000
-2;61100;INTARIAN_PEPPER_ROOT;10053.0;16.0;;;;;10069.0;16.0;;;;;10061.0;0.0;61100
-2;61200;INTARIAN_PEPPER_ROOT;;;;;;;10067.0;9.0;10069.0;23.0;;;10067.0;0.0;61200
-2;61300;INTARIAN_PEPPER_ROOT;10056.0;8.0;10053.0;20.0;;;10067.0;8.0;10069.0;20.0;;;10061.5;0.0;61300
-2;61400;INTARIAN_PEPPER_ROOT;10056.0;8.0;10053.0;15.0;;;10069.0;15.0;;;;;10062.5;0.0;61400
-2;61500;INTARIAN_PEPPER_ROOT;;;;;;;10067.0;9.0;10070.0;16.0;;;10067.0;0.0;61500
-2;61600;INTARIAN_PEPPER_ROOT;10056.0;10.0;10054.0;20.0;;;10067.0;10.0;;;;;10061.5;0.0;61600
-2;61700;INTARIAN_PEPPER_ROOT;10064.0;5.0;10056.0;9.0;10054.0;23.0;10067.0;9.0;10070.0;23.0;;;10065.5;0.0;61700
-2;61800;INTARIAN_PEPPER_ROOT;10056.0;12.0;10054.0;15.0;;;10067.0;12.0;10070.0;15.0;;;10061.5;0.0;61800
-2;61900;INTARIAN_PEPPER_ROOT;10054.0;15.0;;;;;10067.0;10.0;10070.0;15.0;;;10060.5;0.0;61900
-2;62000;INTARIAN_PEPPER_ROOT;10056.0;10.0;10054.0;25.0;;;10068.0;10.0;10070.0;25.0;;;10062.0;0.0;62000
-2;62100;INTARIAN_PEPPER_ROOT;10057.0;9.0;;;;;10068.0;9.0;10070.0;21.0;;;10062.5;0.0;62100
-2;62200;INTARIAN_PEPPER_ROOT;10057.0;10.0;10054.0;25.0;;;10068.0;10.0;10070.0;25.0;;;10062.5;0.0;62200
-2;62300;INTARIAN_PEPPER_ROOT;10057.0;12.0;10054.0;19.0;;;10068.0;12.0;10070.0;19.0;;;10062.5;0.0;62300
-2;62400;INTARIAN_PEPPER_ROOT;10057.0;10.0;10054.0;20.0;;;10070.0;20.0;;;;;10063.5;0.0;62400
-2;62500;INTARIAN_PEPPER_ROOT;10057.0;11.0;10054.0;18.0;;;10068.0;11.0;10071.0;18.0;;;10062.5;0.0;62500
-2;62600;INTARIAN_PEPPER_ROOT;10057.0;8.0;10055.0;16.0;;;10071.0;16.0;;;;;10064.0;0.0;62600
-2;62700;INTARIAN_PEPPER_ROOT;10057.0;12.0;10055.0;17.0;;;10071.0;17.0;;;;;10064.0;0.0;62700
-2;62800;INTARIAN_PEPPER_ROOT;10055.0;23.0;;;;;10068.0;11.0;10071.0;23.0;;;10061.5;0.0;62800
-2;62900;INTARIAN_PEPPER_ROOT;10057.0;8.0;;;;;10068.0;8.0;;;;;10062.5;0.0;62900
-2;63000;INTARIAN_PEPPER_ROOT;10057.0;8.0;10055.0;23.0;;;10069.0;8.0;10071.0;23.0;;;10063.0;0.0;63000
-2;63100;INTARIAN_PEPPER_ROOT;10055.0;17.0;;;;;10069.0;11.0;10071.0;17.0;;;10062.0;0.0;63100
-2;63200;INTARIAN_PEPPER_ROOT;10058.0;10.0;;;;;10069.0;10.0;10071.0;25.0;;;10063.5;0.0;63200
-2;63300;INTARIAN_PEPPER_ROOT;10058.0;12.0;;;;;10071.0;17.0;;;;;10064.5;0.0;63300
-2;63400;INTARIAN_PEPPER_ROOT;10058.0;9.0;10055.0;25.0;;;10069.0;9.0;;;;;10063.5;0.0;63400
-2;63500;INTARIAN_PEPPER_ROOT;10058.0;10.0;10055.0;24.0;;;10072.0;24.0;;;;;10065.0;0.0;63500
-2;63600;INTARIAN_PEPPER_ROOT;10058.0;11.0;10056.0;19.0;;;10069.0;11.0;10072.0;19.0;;;10063.5;0.0;63600
-2;63700;INTARIAN_PEPPER_ROOT;10058.0;11.0;10056.0;18.0;;;10069.0;11.0;;;;;10063.5;0.0;63700
-2;63800;INTARIAN_PEPPER_ROOT;10056.0;19.0;;;;;10069.0;9.0;10072.0;19.0;;;10062.5;0.0;63800
-2;63900;INTARIAN_PEPPER_ROOT;10058.0;9.0;;;;;10069.0;9.0;10072.0;19.0;;;10063.5;0.0;63900
-2;64000;INTARIAN_PEPPER_ROOT;10056.0;19.0;;;;;10070.0;9.0;10072.0;19.0;;;10063.0;0.0;64000
-2;64100;INTARIAN_PEPPER_ROOT;10059.0;12.0;10056.0;19.0;;;10070.0;12.0;10072.0;19.0;;;10064.5;0.0;64100
-2;64200;INTARIAN_PEPPER_ROOT;10056.0;17.0;;;;;10072.0;17.0;;;;;10064.0;0.0;64200
-2;64300;INTARIAN_PEPPER_ROOT;10059.0;11.0;10056.0;15.0;;;10061.0;5.0;10072.0;15.0;;;10060.0;0.0;64300
-2;64400;INTARIAN_PEPPER_ROOT;10059.0;8.0;10056.0;16.0;;;10070.0;8.0;10072.0;16.0;;;10064.5;0.0;64400
-2;64500;INTARIAN_PEPPER_ROOT;10059.0;9.0;10056.0;16.0;;;10070.0;9.0;10073.0;16.0;;;10064.5;0.0;64500
-2;64600;INTARIAN_PEPPER_ROOT;10059.0;8.0;;;;;10070.0;8.0;10073.0;25.0;;;10064.5;0.0;64600
-2;64700;INTARIAN_PEPPER_ROOT;10059.0;12.0;10057.0;24.0;;;10070.0;12.0;10073.0;24.0;;;10064.5;0.0;64700
-2;64800;INTARIAN_PEPPER_ROOT;10059.0;12.0;10057.0;23.0;;;10073.0;23.0;;;;;10066.0;0.0;64800
-2;64900;INTARIAN_PEPPER_ROOT;10059.0;10.0;10057.0;22.0;;;10070.0;10.0;;;;;10064.5;0.0;64900
-2;65000;INTARIAN_PEPPER_ROOT;10057.0;23.0;;;;;10073.0;23.0;;;;;10065.0;0.0;65000
-2;65100;INTARIAN_PEPPER_ROOT;10060.0;9.0;10057.0;19.0;;;10071.0;9.0;10073.0;19.0;;;10065.5;0.0;65100
-2;65200;INTARIAN_PEPPER_ROOT;10060.0;10.0;;;;;10073.0;21.0;;;;;10066.5;0.0;65200
-2;65300;INTARIAN_PEPPER_ROOT;10060.0;11.0;10057.0;23.0;;;10073.0;23.0;;;;;10066.5;0.0;65300
-2;65400;INTARIAN_PEPPER_ROOT;10060.0;12.0;10057.0;20.0;;;10073.0;20.0;;;;;10066.5;0.0;65400
-2;65500;INTARIAN_PEPPER_ROOT;10060.0;9.0;;;;;10071.0;9.0;10074.0;23.0;;;10065.5;0.0;65500
-2;65600;INTARIAN_PEPPER_ROOT;10058.0;16.0;;;;;10071.0;10.0;10074.0;16.0;;;10064.5;0.0;65600
-2;65700;INTARIAN_PEPPER_ROOT;10060.0;9.0;10058.0;24.0;;;10071.0;9.0;10074.0;24.0;;;10065.5;0.0;65700
-2;65800;INTARIAN_PEPPER_ROOT;10060.0;9.0;10058.0;21.0;;;10074.0;21.0;;;;;10067.0;0.0;65800
-2;65900;INTARIAN_PEPPER_ROOT;10060.0;11.0;10058.0;18.0;;;10071.0;11.0;;;;;10065.5;0.0;65900
-2;66000;INTARIAN_PEPPER_ROOT;10058.0;24.0;;;;;10072.0;11.0;;;;;10065.0;0.0;66000
-2;66100;INTARIAN_PEPPER_ROOT;10061.0;10.0;;;;;10072.0;10.0;10074.0;19.0;;;10066.5;0.0;66100
-2;66200;INTARIAN_PEPPER_ROOT;10061.0;12.0;;;;;10074.0;20.0;;;;;10067.5;0.0;66200
-2;66300;INTARIAN_PEPPER_ROOT;10061.0;9.0;10058.0;20.0;;;10072.0;9.0;10074.0;20.0;;;10066.5;0.0;66300
-2;66400;INTARIAN_PEPPER_ROOT;10061.0;12.0;10058.0;15.0;;;10072.0;12.0;10074.0;15.0;;;10066.5;0.0;66400
-2;66500;INTARIAN_PEPPER_ROOT;10061.0;8.0;10058.0;23.0;;;10075.0;23.0;;;;;10068.0;0.0;66500
-2;66600;INTARIAN_PEPPER_ROOT;10061.0;9.0;;;;;10072.0;9.0;10075.0;15.0;;;10066.5;0.0;66600
-2;66700;INTARIAN_PEPPER_ROOT;10059.0;23.0;;;;;;;;;;;10059.0;0.0;66700
-2;66800;INTARIAN_PEPPER_ROOT;10061.0;12.0;10059.0;19.0;;;10072.0;12.0;10075.0;19.0;;;10066.5;0.0;66800
-2;66900;INTARIAN_PEPPER_ROOT;10061.0;9.0;10059.0;19.0;;;10075.0;19.0;;;;;10068.0;0.0;66900
-2;67000;INTARIAN_PEPPER_ROOT;10059.0;20.0;;;;;10073.0;8.0;10075.0;20.0;;;10066.0;0.0;67000
-2;67100;INTARIAN_PEPPER_ROOT;10062.0;11.0;10059.0;24.0;;;10073.0;11.0;10075.0;24.0;;;10067.5;0.0;67100
-2;67200;INTARIAN_PEPPER_ROOT;10062.0;8.0;10059.0;21.0;;;10073.0;8.0;10075.0;21.0;;;10067.5;0.0;67200
-2;67300;INTARIAN_PEPPER_ROOT;10059.0;25.0;;;;;10075.0;25.0;;;;;10067.0;0.0;67300
-2;67400;INTARIAN_PEPPER_ROOT;10062.0;9.0;10059.0;20.0;;;10064.0;4.0;10073.0;9.0;;;10063.0;0.0;67400
-2;67500;INTARIAN_PEPPER_ROOT;10062.0;8.0;10059.0;17.0;;;10073.0;8.0;10076.0;17.0;;;10067.5;0.0;67500
-2;67600;INTARIAN_PEPPER_ROOT;10062.0;11.0;10060.0;15.0;;;10073.0;11.0;10076.0;15.0;;;10067.5;0.0;67600
-2;67700;INTARIAN_PEPPER_ROOT;10060.0;22.0;;;;;10073.0;11.0;10076.0;22.0;;;10066.5;0.0;67700
-2;67800;INTARIAN_PEPPER_ROOT;10062.0;9.0;;;;;10073.0;9.0;;;;;10067.5;0.0;67800
-2;67900;INTARIAN_PEPPER_ROOT;10062.0;8.0;10060.0;20.0;;;10073.0;8.0;10076.0;20.0;;;10067.5;0.0;67900
-2;68000;INTARIAN_PEPPER_ROOT;10062.0;8.0;10060.0;23.0;;;10074.0;8.0;10076.0;23.0;;;10068.0;0.0;68000
-2;68100;INTARIAN_PEPPER_ROOT;10063.0;10.0;;;;;10074.0;10.0;10076.0;17.0;;;10068.5;0.0;68100
-2;68200;INTARIAN_PEPPER_ROOT;10063.0;9.0;10060.0;22.0;;;10076.0;22.0;;;;;10069.5;0.0;68200
-2;68300;INTARIAN_PEPPER_ROOT;10063.0;12.0;10060.0;16.0;;;10074.0;12.0;10076.0;16.0;;;10068.5;0.0;68300
-2;68400;INTARIAN_PEPPER_ROOT;10063.0;11.0;10060.0;23.0;;;10074.0;11.0;10076.0;23.0;;;10068.5;0.0;68400
-2;68500;INTARIAN_PEPPER_ROOT;10063.0;11.0;10060.0;25.0;;;10074.0;11.0;10077.0;25.0;;;10068.5;0.0;68500
-2;68600;INTARIAN_PEPPER_ROOT;10063.0;11.0;10061.0;25.0;;;10074.0;11.0;;;;;10068.5;0.0;68600
-2;68700;INTARIAN_PEPPER_ROOT;10063.0;9.0;;;;;;;;;;;10063.0;0.0;68700
-2;68800;INTARIAN_PEPPER_ROOT;10063.0;8.0;10061.0;17.0;;;10074.0;8.0;10077.0;17.0;;;10068.5;0.0;68800
-2;68900;INTARIAN_PEPPER_ROOT;10063.0;11.0;10061.0;15.0;;;10077.0;15.0;;;;;10070.0;0.0;68900
-2;69000;INTARIAN_PEPPER_ROOT;10063.0;10.0;10061.0;17.0;;;10075.0;10.0;10077.0;17.0;;;10069.0;0.0;69000
-2;69100;INTARIAN_PEPPER_ROOT;10064.0;8.0;10061.0;21.0;;;10075.0;8.0;;;;;10069.5;0.0;69100
-2;69200;INTARIAN_PEPPER_ROOT;10064.0;9.0;10061.0;20.0;;;10075.0;9.0;10077.0;20.0;;;10069.5;0.0;69200
-2;69300;INTARIAN_PEPPER_ROOT;10064.0;12.0;10061.0;23.0;;;10075.0;12.0;10077.0;23.0;;;10069.5;0.0;69300
-2;69400;INTARIAN_PEPPER_ROOT;10064.0;11.0;;;;;10075.0;11.0;10077.0;22.0;;;10069.5;0.0;69400
-2;69500;INTARIAN_PEPPER_ROOT;10064.0;11.0;10061.0;21.0;;;10078.0;21.0;;;;;10071.0;0.0;69500
-2;69600;INTARIAN_PEPPER_ROOT;10064.0;11.0;10062.0;15.0;;;10075.0;11.0;10078.0;15.0;;;10069.5;0.0;69600
-2;69700;INTARIAN_PEPPER_ROOT;10064.0;12.0;10062.0;17.0;;;10075.0;12.0;10078.0;17.0;;;10069.5;0.0;69700
-2;69800;INTARIAN_PEPPER_ROOT;10064.0;10.0;10062.0;25.0;;;10078.0;25.0;;;;;10071.0;0.0;69800
-2;69900;INTARIAN_PEPPER_ROOT;10062.0;19.0;;;;;10075.0;12.0;10078.0;19.0;;;10068.5;0.0;69900
-2;70000;INTARIAN_PEPPER_ROOT;10064.0;11.0;10062.0;15.0;;;10076.0;11.0;10078.0;15.0;;;10070.0;0.0;70000
-2;70100;INTARIAN_PEPPER_ROOT;10065.0;12.0;;;;;;;;;;;10065.0;0.0;70100
-2;70200;INTARIAN_PEPPER_ROOT;10065.0;12.0;;;;;10078.0;17.0;;;;;10071.5;0.0;70200
-2;70300;INTARIAN_PEPPER_ROOT;10065.0;8.0;10062.0;21.0;;;10076.0;8.0;10078.0;21.0;;;10070.5;0.0;70300
-2;70400;INTARIAN_PEPPER_ROOT;10065.0;8.0;10062.0;24.0;;;10076.0;8.0;10078.0;24.0;;;10070.5;0.0;70400
-2;70500;INTARIAN_PEPPER_ROOT;10065.0;8.0;;;;;10076.0;8.0;;;;;10070.5;0.0;70500
-2;70600;INTARIAN_PEPPER_ROOT;10065.0;12.0;10063.0;17.0;;;10076.0;12.0;10079.0;17.0;;;10070.5;0.0;70600
-2;70700;INTARIAN_PEPPER_ROOT;10065.0;10.0;10063.0;16.0;;;10076.0;10.0;10079.0;16.0;;;10070.5;0.0;70700
-2;70800;INTARIAN_PEPPER_ROOT;10065.0;9.0;10063.0;23.0;;;10079.0;23.0;;;;;10072.0;0.0;70800
-2;70900;INTARIAN_PEPPER_ROOT;10065.0;11.0;10063.0;21.0;;;10076.0;11.0;10079.0;21.0;;;10070.5;0.0;70900
-2;71000;INTARIAN_PEPPER_ROOT;10065.0;11.0;10063.0;18.0;;;10079.0;18.0;;;;;10072.0;0.0;71000
-2;71100;INTARIAN_PEPPER_ROOT;10066.0;10.0;10063.0;17.0;;;10079.0;17.0;;;;;10072.5;0.0;71100
-2;71200;INTARIAN_PEPPER_ROOT;10066.0;11.0;10063.0;25.0;;;10077.0;11.0;10079.0;25.0;;;10071.5;0.0;71200
-2;71300;INTARIAN_PEPPER_ROOT;10066.0;11.0;;;;;10077.0;11.0;10079.0;22.0;;;10071.5;0.0;71300
-2;71400;INTARIAN_PEPPER_ROOT;10066.0;12.0;10063.0;18.0;;;10079.0;18.0;;;;;10072.5;0.0;71400
-2;71500;INTARIAN_PEPPER_ROOT;;;;;;;10077.0;11.0;10080.0;18.0;;;10077.0;0.0;71500
-2;71600;INTARIAN_PEPPER_ROOT;10074.0;7.0;10066.0;9.0;;;10080.0;15.0;;;;;10077.0;0.0;71600
-2;71700;INTARIAN_PEPPER_ROOT;10066.0;8.0;10064.0;16.0;;;10077.0;8.0;;;;;10071.5;0.0;71700
-2;71800;INTARIAN_PEPPER_ROOT;10064.0;16.0;;;;;10077.0;9.0;10080.0;16.0;;;10070.5;0.0;71800
-2;71900;INTARIAN_PEPPER_ROOT;10066.0;12.0;;;;;10077.0;12.0;10080.0;20.0;;;10071.5;0.0;71900
-2;72000;INTARIAN_PEPPER_ROOT;10066.0;12.0;10064.0;18.0;;;10078.0;12.0;10080.0;18.0;;;10072.0;0.0;72000
-2;72100;INTARIAN_PEPPER_ROOT;10067.0;11.0;10064.0;16.0;;;10078.0;11.0;10080.0;16.0;;;10072.5;0.0;72100
-2;72200;INTARIAN_PEPPER_ROOT;10067.0;11.0;;;;;10078.0;11.0;10080.0;19.0;;;10072.5;0.0;72200
-2;72300;INTARIAN_PEPPER_ROOT;10067.0;8.0;10064.0;16.0;;;10078.0;8.0;;;;;10072.5;0.0;72300
-2;72400;INTARIAN_PEPPER_ROOT;10067.0;10.0;10064.0;19.0;;;10078.0;10.0;10080.0;19.0;;;10072.5;0.0;72400
-2;72500;INTARIAN_PEPPER_ROOT;10067.0;10.0;10064.0;16.0;;;10078.0;10.0;10081.0;16.0;;;10072.5;0.0;72500
-2;72600;INTARIAN_PEPPER_ROOT;10067.0;11.0;10065.0;17.0;;;10078.0;11.0;;;;;10072.5;0.0;72600
-2;72700;INTARIAN_PEPPER_ROOT;10067.0;9.0;10065.0;23.0;;;10078.0;9.0;10081.0;23.0;;;10072.5;0.0;72700
-2;72800;INTARIAN_PEPPER_ROOT;10065.0;22.0;;;;;10078.0;8.0;10081.0;22.0;;;10071.5;0.0;72800
-2;72900;INTARIAN_PEPPER_ROOT;;;;;;;10078.0;10.0;;;;;10078.0;0.0;72900
-2;73000;INTARIAN_PEPPER_ROOT;10065.0;21.0;;;;;10079.0;12.0;;;;;10072.0;0.0;73000
-2;73100;INTARIAN_PEPPER_ROOT;10068.0;8.0;10065.0;23.0;;;10079.0;8.0;;;;;10073.5;0.0;73100
-2;73200;INTARIAN_PEPPER_ROOT;10068.0;8.0;10065.0;17.0;;;10079.0;8.0;;;;;10073.5;0.0;73200
-2;73300;INTARIAN_PEPPER_ROOT;;;;;;;10079.0;10.0;10081.0;24.0;;;10079.0;0.0;73300
-2;73400;INTARIAN_PEPPER_ROOT;10068.0;9.0;;;;;10079.0;9.0;;;;;10073.5;0.0;73400
-2;73500;INTARIAN_PEPPER_ROOT;10065.0;18.0;;;;;10079.0;8.0;10082.0;18.0;;;10072.0;0.0;73500
-2;73600;INTARIAN_PEPPER_ROOT;10066.0;24.0;;;;;10079.0;11.0;10082.0;24.0;;;10072.5;0.0;73600
-2;73700;INTARIAN_PEPPER_ROOT;10066.0;22.0;;;;;10079.0;12.0;;;;;10072.5;0.0;73700
-2;73800;INTARIAN_PEPPER_ROOT;10068.0;10.0;;;;;10079.0;10.0;10082.0;24.0;;;10073.5;0.0;73800
-2;73900;INTARIAN_PEPPER_ROOT;10066.0;20.0;;;;;10079.0;8.0;;;;;10072.5;0.0;73900
-2;74000;INTARIAN_PEPPER_ROOT;10068.0;12.0;10066.0;15.0;;;10080.0;12.0;10082.0;15.0;;;10074.0;0.0;74000
-2;74100;INTARIAN_PEPPER_ROOT;;;;;;;10080.0;10.0;10082.0;19.0;;;10080.0;0.0;74100
-2;74200;INTARIAN_PEPPER_ROOT;10069.0;11.0;10066.0;23.0;;;10080.0;11.0;10082.0;23.0;;;10074.5;0.0;74200
-2;74300;INTARIAN_PEPPER_ROOT;10069.0;10.0;10066.0;19.0;;;;;;;;;10069.0;0.0;74300
-2;74400;INTARIAN_PEPPER_ROOT;10069.0;11.0;10066.0;24.0;;;10080.0;11.0;10082.0;24.0;;;10074.5;0.0;74400
-2;74500;INTARIAN_PEPPER_ROOT;10069.0;8.0;10066.0;20.0;;;10080.0;8.0;;;;;10074.5;0.0;74500
-2;74600;INTARIAN_PEPPER_ROOT;10069.0;12.0;10067.0;19.0;;;10080.0;12.0;10083.0;19.0;;;10074.5;0.0;74600
-2;74700;INTARIAN_PEPPER_ROOT;10069.0;9.0;;;;;10080.0;9.0;10083.0;18.0;;;10074.5;0.0;74700
-2;74800;INTARIAN_PEPPER_ROOT;10069.0;9.0;;;;;10080.0;9.0;10083.0;19.0;;;10074.5;0.0;74800
-2;74900;INTARIAN_PEPPER_ROOT;10069.0;8.0;10067.0;21.0;;;10080.0;8.0;10083.0;21.0;;;10074.5;0.0;74900
-2;75000;INTARIAN_PEPPER_ROOT;10069.0;8.0;10067.0;18.0;;;10083.0;18.0;;;;;10076.0;0.0;75000
-2;75100;INTARIAN_PEPPER_ROOT;10070.0;11.0;10067.0;21.0;;;10077.0;7.0;10081.0;11.0;10083.0;21.0;10073.5;0.0;75100
-2;75200;INTARIAN_PEPPER_ROOT;10070.0;10.0;10067.0;16.0;;;10081.0;10.0;10083.0;16.0;;;10075.5;0.0;75200
-2;75300;INTARIAN_PEPPER_ROOT;10067.0;20.0;;;;;10081.0;11.0;10083.0;20.0;;;10074.0;0.0;75300
-2;75400;INTARIAN_PEPPER_ROOT;10070.0;10.0;10067.0;15.0;;;10081.0;10.0;10083.0;15.0;;;10075.5;0.0;75400
-2;75500;INTARIAN_PEPPER_ROOT;10070.0;11.0;10067.0;15.0;;;10081.0;11.0;10084.0;15.0;;;10075.5;0.0;75500
-2;75600;INTARIAN_PEPPER_ROOT;10070.0;9.0;10068.0;22.0;;;10081.0;9.0;;;;;10075.5;0.0;75600
-2;75700;INTARIAN_PEPPER_ROOT;10070.0;12.0;10068.0;15.0;;;10084.0;15.0;;;;;10077.0;0.0;75700
-2;75800;INTARIAN_PEPPER_ROOT;10070.0;9.0;10068.0;23.0;;;10081.0;9.0;10084.0;23.0;;;10075.5;0.0;75800
-2;75900;INTARIAN_PEPPER_ROOT;10070.0;8.0;10068.0;20.0;;;10081.0;8.0;10084.0;20.0;;;10075.5;0.0;75900
-2;76000;INTARIAN_PEPPER_ROOT;10068.0;20.0;;;;;10082.0;11.0;10084.0;20.0;;;10075.0;0.0;76000
-2;76100;INTARIAN_PEPPER_ROOT;10071.0;9.0;10068.0;18.0;;;10082.0;9.0;10084.0;18.0;;;10076.5;0.0;76100
-2;76200;INTARIAN_PEPPER_ROOT;10071.0;11.0;10068.0;21.0;;;10082.0;11.0;10084.0;21.0;;;10076.5;0.0;76200
-2;76300;INTARIAN_PEPPER_ROOT;10071.0;8.0;10068.0;20.0;;;10082.0;8.0;10084.0;20.0;;;10076.5;0.0;76300
-2;76400;INTARIAN_PEPPER_ROOT;10071.0;8.0;;;;;10082.0;8.0;10084.0;16.0;;;10076.5;0.0;76400
-2;76500;INTARIAN_PEPPER_ROOT;10071.0;11.0;10068.0;23.0;;;10082.0;11.0;;;;;10076.5;0.0;76500
-2;76600;INTARIAN_PEPPER_ROOT;10071.0;9.0;;;;;10085.0;20.0;;;;;10078.0;0.0;76600
-2;76700;INTARIAN_PEPPER_ROOT;10071.0;10.0;;;;;10082.0;10.0;;;;;10076.5;0.0;76700
-2;76800;INTARIAN_PEPPER_ROOT;10071.0;11.0;10069.0;23.0;;;10082.0;11.0;10085.0;23.0;;;10076.5;0.0;76800
-2;76900;INTARIAN_PEPPER_ROOT;10071.0;12.0;10069.0;23.0;;;10082.0;12.0;10085.0;23.0;;;10076.5;0.0;76900
-2;77000;INTARIAN_PEPPER_ROOT;10071.0;11.0;10069.0;21.0;;;10083.0;11.0;10085.0;21.0;;;10077.0;0.0;77000
-2;77100;INTARIAN_PEPPER_ROOT;10072.0;10.0;;;;;10083.0;10.0;10085.0;23.0;;;10077.5;0.0;77100
-2;77200;INTARIAN_PEPPER_ROOT;10072.0;12.0;;;;;10083.0;12.0;;;;;10077.5;0.0;77200
-2;77300;INTARIAN_PEPPER_ROOT;10072.0;9.0;;;;;10083.0;9.0;10085.0;25.0;;;10077.5;0.0;77300
-2;77400;INTARIAN_PEPPER_ROOT;10072.0;12.0;10069.0;18.0;;;10083.0;12.0;10085.0;18.0;;;10077.5;0.0;77400
-2;77500;INTARIAN_PEPPER_ROOT;10072.0;8.0;;;;;10083.0;8.0;10086.0;24.0;;;10077.5;0.0;77500
-2;77600;INTARIAN_PEPPER_ROOT;10072.0;10.0;10070.0;22.0;;;;;;;;;10072.0;0.0;77600
-2;77700;INTARIAN_PEPPER_ROOT;10072.0;11.0;10070.0;17.0;;;10086.0;17.0;;;;;10079.0;0.0;77700
-2;77800;INTARIAN_PEPPER_ROOT;10072.0;8.0;10070.0;19.0;;;10083.0;8.0;10086.0;19.0;;;10077.5;0.0;77800
-2;77900;INTARIAN_PEPPER_ROOT;10072.0;10.0;10070.0;17.0;;;;;;;;;10072.0;0.0;77900
-2;78000;INTARIAN_PEPPER_ROOT;10072.0;12.0;10070.0;15.0;;;;;;;;;10072.0;0.0;78000
-2;78100;INTARIAN_PEPPER_ROOT;10073.0;9.0;10070.0;17.0;;;10086.0;17.0;;;;;10079.5;0.0;78100
-2;78200;INTARIAN_PEPPER_ROOT;10073.0;11.0;10070.0;21.0;;;10084.0;11.0;10086.0;21.0;;;10078.5;0.0;78200
-2;78300;INTARIAN_PEPPER_ROOT;10073.0;12.0;;;;;10084.0;12.0;10086.0;16.0;;;10078.5;0.0;78300
-2;78400;INTARIAN_PEPPER_ROOT;10073.0;8.0;10070.0;25.0;;;10086.0;25.0;;;;;10079.5;0.0;78400
-2;78500;INTARIAN_PEPPER_ROOT;10073.0;8.0;10070.0;22.0;;;10084.0;8.0;10087.0;22.0;;;10078.5;0.0;78500
-2;78600;INTARIAN_PEPPER_ROOT;10073.0;12.0;;;;;10084.0;12.0;10087.0;21.0;;;10078.5;0.0;78600
-2;78700;INTARIAN_PEPPER_ROOT;10073.0;12.0;10071.0;21.0;;;10084.0;12.0;;;;;10078.5;0.0;78700
-2;78800;INTARIAN_PEPPER_ROOT;10073.0;8.0;;;;;10087.0;19.0;;;;;10080.0;0.0;78800
-2;78900;INTARIAN_PEPPER_ROOT;10073.0;9.0;10071.0;18.0;;;10087.0;18.0;;;;;10080.0;0.0;78900
-2;79000;INTARIAN_PEPPER_ROOT;10073.0;11.0;10071.0;18.0;;;10085.0;11.0;10087.0;18.0;;;10079.0;0.0;79000
-2;79100;INTARIAN_PEPPER_ROOT;10071.0;19.0;;;;;10087.0;19.0;;;;;10079.0;0.0;79100
-2;79200;INTARIAN_PEPPER_ROOT;10074.0;11.0;10071.0;22.0;;;10085.0;11.0;10087.0;22.0;;;10079.5;0.0;79200
-2;79300;INTARIAN_PEPPER_ROOT;10077.0;11.0;10074.0;8.0;10071.0;15.0;10085.0;8.0;10087.0;15.0;;;10081.0;0.0;79300
-2;79400;INTARIAN_PEPPER_ROOT;10071.0;15.0;;;;;10087.0;15.0;;;;;10079.0;0.0;79400
-2;79500;INTARIAN_PEPPER_ROOT;10074.0;9.0;;;;;10088.0;20.0;;;;;10081.0;0.0;79500
-2;79600;INTARIAN_PEPPER_ROOT;10074.0;11.0;10072.0;22.0;;;10085.0;11.0;10088.0;22.0;;;10079.5;0.0;79600
-2;79700;INTARIAN_PEPPER_ROOT;10074.0;10.0;10072.0;22.0;;;10085.0;10.0;10088.0;22.0;;;10079.5;0.0;79700
-2;79800;INTARIAN_PEPPER_ROOT;10072.0;17.0;;;;;10085.0;10.0;;;;;10078.5;0.0;79800
-2;79900;INTARIAN_PEPPER_ROOT;10074.0;9.0;;;;;10085.0;9.0;;;;;10079.5;0.0;79900
-2;80000;INTARIAN_PEPPER_ROOT;10074.0;9.0;10072.0;17.0;;;10086.0;9.0;10088.0;17.0;;;10080.0;0.0;80000
-2;80100;INTARIAN_PEPPER_ROOT;10075.0;11.0;;;;;10086.0;11.0;10088.0;19.0;;;10080.5;0.0;80100
-2;80200;INTARIAN_PEPPER_ROOT;10075.0;12.0;10072.0;25.0;;;10086.0;12.0;10088.0;25.0;;;10080.5;0.0;80200
-2;80300;INTARIAN_PEPPER_ROOT;10075.0;9.0;10072.0;25.0;;;10086.0;9.0;10088.0;25.0;;;10080.5;0.0;80300
-2;80400;INTARIAN_PEPPER_ROOT;10075.0;8.0;;;;;10086.0;8.0;10088.0;19.0;;;10080.5;0.0;80400
-2;80500;INTARIAN_PEPPER_ROOT;10075.0;12.0;10072.0;15.0;;;10086.0;12.0;10089.0;15.0;;;10080.5;0.0;80500
-2;80600;INTARIAN_PEPPER_ROOT;10075.0;8.0;10073.0;18.0;;;10089.0;18.0;;;;;10082.0;0.0;80600
-2;80700;INTARIAN_PEPPER_ROOT;10075.0;8.0;10073.0;21.0;;;10086.0;8.0;10089.0;21.0;;;10080.5;0.0;80700
-2;80800;INTARIAN_PEPPER_ROOT;10075.0;11.0;10073.0;23.0;;;10086.0;11.0;;;;;10080.5;0.0;80800
-2;80900;INTARIAN_PEPPER_ROOT;10075.0;9.0;10073.0;19.0;;;10089.0;19.0;;;;;10082.0;0.0;80900
-2;81000;INTARIAN_PEPPER_ROOT;10075.0;9.0;10073.0;23.0;;;10087.0;9.0;10089.0;23.0;;;10081.0;0.0;81000
-2;81100;INTARIAN_PEPPER_ROOT;10076.0;10.0;10073.0;15.0;;;10087.0;10.0;10089.0;15.0;;;10081.5;0.0;81100
-2;81200;INTARIAN_PEPPER_ROOT;10076.0;11.0;;;;;10087.0;11.0;10089.0;23.0;;;10081.5;0.0;81200
-2;81300;INTARIAN_PEPPER_ROOT;10076.0;9.0;10073.0;20.0;;;10089.0;20.0;;;;;10082.5;0.0;81300
-2;81400;INTARIAN_PEPPER_ROOT;10076.0;11.0;10073.0;16.0;;;10087.0;11.0;10089.0;16.0;;;10081.5;0.0;81400
-2;81500;INTARIAN_PEPPER_ROOT;10076.0;8.0;;;;;10087.0;8.0;;;;;10081.5;0.0;81500
-2;81600;INTARIAN_PEPPER_ROOT;10076.0;12.0;10074.0;25.0;;;10087.0;12.0;10090.0;25.0;;;10081.5;0.0;81600
-2;81700;INTARIAN_PEPPER_ROOT;10076.0;11.0;10074.0;20.0;;;10090.0;20.0;;;;;10083.0;0.0;81700
-2;81800;INTARIAN_PEPPER_ROOT;10076.0;9.0;10074.0;16.0;;;10090.0;16.0;;;;;10083.0;0.0;81800
-2;81900;INTARIAN_PEPPER_ROOT;10076.0;10.0;10074.0;25.0;;;10087.0;10.0;10090.0;25.0;;;10081.5;0.0;81900
-2;82000;INTARIAN_PEPPER_ROOT;;;;;;;10088.0;12.0;10090.0;19.0;;;10088.0;0.0;82000
-2;82100;INTARIAN_PEPPER_ROOT;10077.0;12.0;10074.0;15.0;;;10088.0;12.0;10090.0;15.0;;;10082.5;0.0;82100
-2;82200;INTARIAN_PEPPER_ROOT;10077.0;8.0;;;;;10090.0;16.0;;;;;10083.5;0.0;82200
-2;82300;INTARIAN_PEPPER_ROOT;10074.0;17.0;;;;;10088.0;8.0;;;;;10081.0;0.0;82300
-2;82400;INTARIAN_PEPPER_ROOT;10077.0;9.0;10074.0;19.0;;;10090.0;19.0;;;;;10083.5;0.0;82400
-2;82500;INTARIAN_PEPPER_ROOT;;;;;;;10088.0;12.0;10091.0;17.0;;;10088.0;0.0;82500
-2;82600;INTARIAN_PEPPER_ROOT;10077.0;8.0;10075.0;16.0;;;10088.0;8.0;10091.0;16.0;;;10082.5;0.0;82600
-2;82700;INTARIAN_PEPPER_ROOT;10077.0;10.0;10075.0;23.0;;;10079.0;8.0;10088.0;10.0;10091.0;23.0;10078.0;0.0;82700
-2;82800;INTARIAN_PEPPER_ROOT;10077.0;11.0;10075.0;23.0;;;10088.0;11.0;10091.0;23.0;;;10082.5;0.0;82800
-2;82900;INTARIAN_PEPPER_ROOT;10077.0;12.0;10075.0;16.0;;;10088.0;12.0;10091.0;16.0;;;10082.5;0.0;82900
-2;83000;INTARIAN_PEPPER_ROOT;10075.0;21.0;;;;;10089.0;10.0;10091.0;21.0;;;10082.0;0.0;83000
-2;83100;INTARIAN_PEPPER_ROOT;10078.0;11.0;10075.0;22.0;;;10089.0;11.0;10091.0;22.0;;;10083.5;0.0;83100
-2;83200;INTARIAN_PEPPER_ROOT;10075.0;22.0;;;;;10091.0;22.0;;;;;10083.0;0.0;83200
-2;83300;INTARIAN_PEPPER_ROOT;10078.0;12.0;10075.0;17.0;;;10089.0;12.0;10091.0;17.0;;;10083.5;0.0;83300
-2;83400;INTARIAN_PEPPER_ROOT;10078.0;12.0;10075.0;23.0;;;10089.0;12.0;10091.0;23.0;;;10083.5;0.0;83400
-2;83500;INTARIAN_PEPPER_ROOT;10075.0;20.0;;;;;10089.0;12.0;10092.0;20.0;;;10082.0;0.0;83500
-2;83600;INTARIAN_PEPPER_ROOT;10078.0;10.0;10076.0;23.0;;;10089.0;10.0;10092.0;23.0;;;10083.5;0.0;83600
-2;83700;INTARIAN_PEPPER_ROOT;10078.0;12.0;10076.0;23.0;;;10089.0;12.0;10092.0;23.0;;;10083.5;0.0;83700
-2;83800;INTARIAN_PEPPER_ROOT;10078.0;8.0;10076.0;19.0;;;10092.0;19.0;;;;;10085.0;0.0;83800
-2;83900;INTARIAN_PEPPER_ROOT;10078.0;8.0;10076.0;22.0;;;10089.0;8.0;10092.0;22.0;;;10083.5;0.0;83900
-2;84000;INTARIAN_PEPPER_ROOT;10078.0;12.0;10076.0;24.0;;;10090.0;12.0;10092.0;24.0;;;10084.0;0.0;84000
-2;84100;INTARIAN_PEPPER_ROOT;10079.0;11.0;10076.0;21.0;;;10090.0;11.0;10092.0;21.0;;;10084.5;0.0;84100
-2;84200;INTARIAN_PEPPER_ROOT;10079.0;8.0;10076.0;21.0;;;10090.0;8.0;10092.0;21.0;;;10084.5;0.0;84200
-2;84300;INTARIAN_PEPPER_ROOT;10079.0;9.0;10076.0;19.0;;;10090.0;9.0;10092.0;19.0;;;10084.5;0.0;84300
-2;84400;INTARIAN_PEPPER_ROOT;10079.0;8.0;10076.0;23.0;;;10092.0;23.0;;;;;10085.5;0.0;84400
-2;84500;INTARIAN_PEPPER_ROOT;10079.0;9.0;10076.0;17.0;;;10093.0;17.0;;;;;10086.0;0.0;84500
-2;84600;INTARIAN_PEPPER_ROOT;10079.0;11.0;10077.0;22.0;;;;;;;;;10079.0;0.0;84600
-2;84700;INTARIAN_PEPPER_ROOT;10079.0;11.0;10077.0;22.0;;;10093.0;22.0;;;;;10086.0;0.0;84700
-2;84800;INTARIAN_PEPPER_ROOT;10079.0;10.0;10077.0;23.0;;;10090.0;10.0;;;;;10084.5;0.0;84800
-2;84900;INTARIAN_PEPPER_ROOT;10077.0;21.0;;;;;10090.0;10.0;10093.0;21.0;;;10083.5;0.0;84900
-2;85000;INTARIAN_PEPPER_ROOT;10079.0;12.0;10077.0;18.0;;;10091.0;12.0;10093.0;18.0;;;10085.0;0.0;85000
-2;85100;INTARIAN_PEPPER_ROOT;10080.0;12.0;10077.0;24.0;;;10091.0;12.0;10093.0;24.0;;;10085.5;0.0;85100
-2;85200;INTARIAN_PEPPER_ROOT;10080.0;9.0;10077.0;18.0;;;10091.0;9.0;10093.0;18.0;;;10085.5;0.0;85200
-2;85300;INTARIAN_PEPPER_ROOT;10077.0;21.0;;;;;10093.0;21.0;;;;;10085.0;0.0;85300
-2;85400;INTARIAN_PEPPER_ROOT;10080.0;10.0;;;;;10091.0;10.0;;;;;10085.5;0.0;85400
-2;85500;INTARIAN_PEPPER_ROOT;10080.0;8.0;10077.0;17.0;;;10091.0;8.0;10094.0;17.0;;;10085.5;0.0;85500
-2;85600;INTARIAN_PEPPER_ROOT;10080.0;8.0;10078.0;24.0;;;10091.0;8.0;10094.0;24.0;;;10085.5;0.0;85600
-2;85700;INTARIAN_PEPPER_ROOT;10080.0;8.0;;;;;10091.0;8.0;;;;;10085.5;0.0;85700
-2;85800;INTARIAN_PEPPER_ROOT;10080.0;8.0;;;;;10091.0;8.0;10094.0;17.0;;;10085.5;0.0;85800
-2;85900;INTARIAN_PEPPER_ROOT;10080.0;12.0;;;;;10091.0;12.0;10094.0;25.0;;;10085.5;0.0;85900
-2;86000;INTARIAN_PEPPER_ROOT;10080.0;12.0;10078.0;19.0;;;10092.0;12.0;10094.0;19.0;;;10086.0;0.0;86000
-2;86100;INTARIAN_PEPPER_ROOT;10081.0;12.0;10078.0;19.0;;;10092.0;12.0;10094.0;19.0;;;10086.5;0.0;86100
-2;86200;INTARIAN_PEPPER_ROOT;10081.0;9.0;;;;;10092.0;9.0;10094.0;23.0;;;10086.5;0.0;86200
-2;86300;INTARIAN_PEPPER_ROOT;10081.0;9.0;10078.0;25.0;;;10092.0;9.0;10094.0;25.0;;;10086.5;0.0;86300
-2;86400;INTARIAN_PEPPER_ROOT;10081.0;12.0;10078.0;16.0;;;10094.0;16.0;;;;;10087.5;0.0;86400
-2;86500;INTARIAN_PEPPER_ROOT;10081.0;8.0;10078.0;18.0;;;10095.0;18.0;;;;;10088.0;0.0;86500
-2;86600;INTARIAN_PEPPER_ROOT;10081.0;12.0;10079.0;20.0;;;10083.0;3.0;10092.0;12.0;10095.0;20.0;10082.0;0.0;86600
-2;86700;INTARIAN_PEPPER_ROOT;10081.0;10.0;10079.0;18.0;;;10092.0;10.0;10095.0;18.0;;;10086.5;0.0;86700
-2;86800;INTARIAN_PEPPER_ROOT;10079.0;24.0;;;;;10092.0;10.0;10095.0;24.0;;;10085.5;0.0;86800
-2;86900;INTARIAN_PEPPER_ROOT;10081.0;9.0;10079.0;15.0;;;10095.0;15.0;;;;;10088.0;0.0;86900
-2;87000;INTARIAN_PEPPER_ROOT;10081.0;10.0;10079.0;24.0;;;10093.0;10.0;10095.0;24.0;;;10087.0;0.0;87000
-2;87100;INTARIAN_PEPPER_ROOT;10082.0;12.0;10079.0;20.0;;;10093.0;12.0;10095.0;20.0;;;10087.5;0.0;87100
-2;87200;INTARIAN_PEPPER_ROOT;10082.0;9.0;;;;;10093.0;9.0;10095.0;17.0;;;10087.5;0.0;87200
-2;87300;INTARIAN_PEPPER_ROOT;;;;;;;10093.0;11.0;10095.0;18.0;;;10093.0;0.0;87300
-2;87400;INTARIAN_PEPPER_ROOT;10082.0;8.0;10079.0;22.0;;;10093.0;8.0;10095.0;22.0;;;10087.5;0.0;87400
-2;87500;INTARIAN_PEPPER_ROOT;10079.0;24.0;;;;;10093.0;12.0;10096.0;24.0;;;10086.0;0.0;87500
-2;87600;INTARIAN_PEPPER_ROOT;;;;;;;10096.0;21.0;;;;;10096.0;0.0;87600
-2;87700;INTARIAN_PEPPER_ROOT;10082.0;10.0;10080.0;22.0;;;;;;;;;10082.0;0.0;87700
-2;87800;INTARIAN_PEPPER_ROOT;10080.0;22.0;;;;;10096.0;22.0;;;;;10088.0;0.0;87800
-2;87900;INTARIAN_PEPPER_ROOT;;;;;;;10096.0;22.0;;;;;10096.0;0.0;87900
-2;88000;INTARIAN_PEPPER_ROOT;10080.0;24.0;;;;;10094.0;8.0;10096.0;24.0;;;10087.0;0.0;88000
-2;88100;INTARIAN_PEPPER_ROOT;10083.0;11.0;10080.0;18.0;;;10094.0;11.0;10096.0;18.0;;;10088.5;0.0;88100
-2;88200;INTARIAN_PEPPER_ROOT;10083.0;12.0;;;;;10094.0;12.0;10096.0;19.0;;;10088.5;0.0;88200
-2;88300;INTARIAN_PEPPER_ROOT;;;;;;;10096.0;23.0;;;;;10096.0;0.0;88300
-2;88400;INTARIAN_PEPPER_ROOT;10083.0;9.0;;;;;10094.0;9.0;10096.0;17.0;;;10088.5;0.0;88400
-2;88500;INTARIAN_PEPPER_ROOT;10083.0;8.0;10080.0;17.0;;;10094.0;8.0;10097.0;17.0;;;10088.5;0.0;88500
-2;88600;INTARIAN_PEPPER_ROOT;10081.0;21.0;;;;;10094.0;8.0;10097.0;21.0;;;10087.5;0.0;88600
-2;88700;INTARIAN_PEPPER_ROOT;;;;;;;10094.0;9.0;;;;;10094.0;0.0;88700
-2;88800;INTARIAN_PEPPER_ROOT;10083.0;8.0;10081.0;23.0;;;10094.0;8.0;10097.0;23.0;;;10088.5;0.0;88800
-2;88900;INTARIAN_PEPPER_ROOT;10083.0;8.0;10081.0;25.0;;;10094.0;8.0;10097.0;25.0;;;10088.5;0.0;88900
-2;89000;INTARIAN_PEPPER_ROOT;10092.0;3.0;10081.0;21.0;;;10095.0;8.0;10097.0;21.0;;;10093.5;0.0;89000
-2;89100;INTARIAN_PEPPER_ROOT;10084.0;10.0;10081.0;23.0;;;10095.0;10.0;;;;;10089.5;0.0;89100
-2;89200;INTARIAN_PEPPER_ROOT;;;;;;;10097.0;18.0;;;;;10097.0;0.0;89200
-2;89300;INTARIAN_PEPPER_ROOT;10084.0;8.0;;;;;10095.0;8.0;10097.0;23.0;;;10089.5;0.0;89300
-2;89400;INTARIAN_PEPPER_ROOT;10084.0;9.0;10081.0;22.0;;;10095.0;9.0;10097.0;22.0;;;10089.5;0.0;89400
-2;89500;INTARIAN_PEPPER_ROOT;10087.0;9.0;10084.0;9.0;10081.0;23.0;10098.0;23.0;;;;;10092.5;0.0;89500
-2;89600;INTARIAN_PEPPER_ROOT;10084.0;12.0;10082.0;16.0;;;10095.0;12.0;10098.0;16.0;;;10089.5;0.0;89600
-2;89700;INTARIAN_PEPPER_ROOT;10084.0;9.0;;;;;10095.0;9.0;10098.0;18.0;;;10089.5;0.0;89700
-2;89800;INTARIAN_PEPPER_ROOT;10084.0;12.0;;;;;10095.0;12.0;10098.0;24.0;;;10089.5;0.0;89800
-2;89900;INTARIAN_PEPPER_ROOT;10084.0;9.0;10082.0;18.0;;;10095.0;9.0;10098.0;18.0;;;10089.5;0.0;89900
-2;90000;INTARIAN_PEPPER_ROOT;10084.0;8.0;10082.0;21.0;;;10096.0;8.0;10098.0;21.0;;;10090.0;0.0;90000
-2;90100;INTARIAN_PEPPER_ROOT;10085.0;8.0;10082.0;24.0;;;10096.0;8.0;10098.0;24.0;;;10090.5;0.0;90100
-2;90200;INTARIAN_PEPPER_ROOT;10085.0;10.0;10082.0;19.0;;;10096.0;10.0;10098.0;19.0;;;10090.5;0.0;90200
-2;90300;INTARIAN_PEPPER_ROOT;10085.0;12.0;10082.0;20.0;;;10096.0;12.0;10098.0;20.0;;;10090.5;0.0;90300
-2;90400;INTARIAN_PEPPER_ROOT;10085.0;12.0;10082.0;18.0;;;10096.0;12.0;10098.0;18.0;;;10090.5;0.0;90400
-2;90500;INTARIAN_PEPPER_ROOT;10082.0;25.0;;;;;10096.0;12.0;10099.0;25.0;;;10089.0;0.0;90500
-2;90600;INTARIAN_PEPPER_ROOT;10085.0;10.0;10083.0;16.0;;;10096.0;10.0;10099.0;16.0;;;10090.5;0.0;90600
-2;90700;INTARIAN_PEPPER_ROOT;10085.0;10.0;10083.0;19.0;;;10096.0;10.0;10099.0;19.0;;;10090.5;0.0;90700
-2;90800;INTARIAN_PEPPER_ROOT;10085.0;11.0;10083.0;22.0;;;10087.0;6.0;10096.0;11.0;10099.0;22.0;10086.0;0.0;90800
-2;90900;INTARIAN_PEPPER_ROOT;10083.0;24.0;;;;;10096.0;12.0;10099.0;24.0;;;10089.5;0.0;90900
-2;91000;INTARIAN_PEPPER_ROOT;;;;;;;10099.0;22.0;;;;;10099.0;0.0;91000
-2;91100;INTARIAN_PEPPER_ROOT;10086.0;8.0;10083.0;17.0;;;10097.0;8.0;;;;;10091.5;0.0;91100
-2;91200;INTARIAN_PEPPER_ROOT;10086.0;10.0;10083.0;19.0;;;10097.0;10.0;10099.0;19.0;;;10091.5;0.0;91200
-2;91300;INTARIAN_PEPPER_ROOT;10083.0;25.0;;;;;10097.0;9.0;10099.0;25.0;;;10090.0;0.0;91300
-2;91400;INTARIAN_PEPPER_ROOT;10086.0;9.0;10083.0;20.0;;;10097.0;9.0;;;;;10091.5;0.0;91400
-2;91500;INTARIAN_PEPPER_ROOT;10086.0;9.0;10083.0;17.0;;;10097.0;9.0;10100.0;17.0;;;10091.5;0.0;91500
-2;91600;INTARIAN_PEPPER_ROOT;10084.0;15.0;;;;;10097.0;9.0;10100.0;15.0;;;10090.5;0.0;91600
-2;91700;INTARIAN_PEPPER_ROOT;10086.0;9.0;;;;;;;;;;;10086.0;0.0;91700
-2;91800;INTARIAN_PEPPER_ROOT;10086.0;10.0;10084.0;19.0;;;10097.0;10.0;10100.0;19.0;;;10091.5;0.0;91800
-2;91900;INTARIAN_PEPPER_ROOT;10084.0;16.0;;;;;10100.0;16.0;;;;;10092.0;0.0;91900
-2;92000;INTARIAN_PEPPER_ROOT;10086.0;8.0;;;;;10094.0;5.0;10098.0;8.0;10100.0;20.0;10090.0;0.0;92000
-2;92100;INTARIAN_PEPPER_ROOT;10087.0;11.0;10084.0;16.0;;;10098.0;11.0;10100.0;16.0;;;10092.5;0.0;92100
-2;92200;INTARIAN_PEPPER_ROOT;10087.0;8.0;10084.0;18.0;;;10089.0;4.0;10098.0;8.0;10100.0;18.0;10088.0;0.0;92200
-2;92300;INTARIAN_PEPPER_ROOT;10084.0;21.0;;;;;10100.0;21.0;;;;;10092.0;0.0;92300
-2;92400;INTARIAN_PEPPER_ROOT;10087.0;12.0;;;;;10098.0;12.0;;;;;10092.5;0.0;92400
-2;92500;INTARIAN_PEPPER_ROOT;10087.0;10.0;;;;;10098.0;10.0;10101.0;20.0;;;10092.5;0.0;92500
-2;92600;INTARIAN_PEPPER_ROOT;10087.0;11.0;10085.0;17.0;;;10098.0;11.0;10101.0;17.0;;;10092.5;0.0;92600
-2;92700;INTARIAN_PEPPER_ROOT;10087.0;11.0;10085.0;23.0;;;10098.0;11.0;10101.0;23.0;;;10092.5;0.0;92700
-2;92800;INTARIAN_PEPPER_ROOT;10087.0;9.0;10085.0;25.0;;;10098.0;9.0;10101.0;25.0;;;10092.5;0.0;92800
-2;92900;INTARIAN_PEPPER_ROOT;10087.0;11.0;;;;;10098.0;11.0;10101.0;18.0;;;10092.5;0.0;92900
-2;93000;INTARIAN_PEPPER_ROOT;10087.0;9.0;10085.0;18.0;;;10099.0;9.0;10101.0;18.0;;;10093.0;0.0;93000
-2;93100;INTARIAN_PEPPER_ROOT;10088.0;9.0;10085.0;24.0;;;10099.0;9.0;;;;;10093.5;0.0;93100
-2;93200;INTARIAN_PEPPER_ROOT;10088.0;8.0;10085.0;25.0;;;10099.0;8.0;10101.0;25.0;;;10093.5;0.0;93200
-2;93300;INTARIAN_PEPPER_ROOT;10088.0;11.0;10085.0;19.0;;;10099.0;11.0;;;;;10093.5;0.0;93300
-2;93400;INTARIAN_PEPPER_ROOT;10088.0;8.0;10085.0;17.0;;;10099.0;8.0;10101.0;17.0;;;10093.5;0.0;93400
-2;93500;INTARIAN_PEPPER_ROOT;10085.0;18.0;;;;;10099.0;11.0;10102.0;18.0;;;10092.0;0.0;93500
-2;93600;INTARIAN_PEPPER_ROOT;10088.0;8.0;10086.0;22.0;;;10099.0;8.0;10102.0;22.0;;;10093.5;0.0;93600
-2;93700;INTARIAN_PEPPER_ROOT;10088.0;9.0;10086.0;24.0;;;10099.0;9.0;;;;;10093.5;0.0;93700
-2;93800;INTARIAN_PEPPER_ROOT;10088.0;10.0;10086.0;23.0;;;10099.0;10.0;10102.0;23.0;;;10093.5;0.0;93800
-2;93900;INTARIAN_PEPPER_ROOT;10088.0;9.0;10086.0;24.0;;;10099.0;9.0;10102.0;24.0;;;10093.5;0.0;93900
-2;94000;INTARIAN_PEPPER_ROOT;10088.0;12.0;10086.0;20.0;;;;;;;;;10088.0;0.0;94000
-2;94100;INTARIAN_PEPPER_ROOT;10086.0;17.0;;;;;10100.0;8.0;10102.0;17.0;;;10093.0;0.0;94100
-2;94200;INTARIAN_PEPPER_ROOT;10089.0;10.0;10086.0;23.0;;;10100.0;10.0;;;;;10094.5;0.0;94200
-2;94300;INTARIAN_PEPPER_ROOT;10089.0;11.0;10086.0;17.0;;;10100.0;11.0;;;;;10094.5;0.0;94300
-2;94400;INTARIAN_PEPPER_ROOT;10089.0;11.0;10086.0;16.0;;;10100.0;11.0;10102.0;16.0;;;10094.5;0.0;94400
-2;94500;INTARIAN_PEPPER_ROOT;10089.0;11.0;10086.0;17.0;;;10100.0;11.0;10103.0;17.0;;;10094.5;0.0;94500
-2;94600;INTARIAN_PEPPER_ROOT;10087.0;17.0;;;;;10100.0;9.0;10103.0;17.0;;;10093.5;0.0;94600
-2;94700;INTARIAN_PEPPER_ROOT;10089.0;12.0;10087.0;21.0;;;10100.0;12.0;10103.0;21.0;;;10094.5;0.0;94700
-2;94800;INTARIAN_PEPPER_ROOT;10089.0;8.0;10087.0;22.0;;;10103.0;22.0;;;;;10096.0;0.0;94800
-2;94900;INTARIAN_PEPPER_ROOT;10089.0;8.0;10087.0;16.0;;;10100.0;8.0;10103.0;16.0;;;10094.5;0.0;94900
-2;95000;INTARIAN_PEPPER_ROOT;10089.0;8.0;10087.0;24.0;;;10103.0;24.0;;;;;10096.0;0.0;95000
-2;95100;INTARIAN_PEPPER_ROOT;10090.0;9.0;10087.0;16.0;;;10101.0;9.0;10103.0;16.0;;;10095.5;0.0;95100
-2;95200;INTARIAN_PEPPER_ROOT;10087.0;25.0;;;;;10101.0;11.0;;;;;10094.0;0.0;95200
-2;95300;INTARIAN_PEPPER_ROOT;10090.0;12.0;10087.0;17.0;;;10101.0;12.0;10103.0;17.0;;;10095.5;0.0;95300
-2;95400;INTARIAN_PEPPER_ROOT;10087.0;16.0;;;;;;;;;;;10087.0;0.0;95400
-2;95500;INTARIAN_PEPPER_ROOT;10090.0;8.0;10087.0;16.0;;;10104.0;16.0;;;;;10097.0;0.0;95500
-2;95600;INTARIAN_PEPPER_ROOT;10090.0;8.0;10088.0;16.0;;;10101.0;8.0;10104.0;16.0;;;10095.5;0.0;95600
-2;95700;INTARIAN_PEPPER_ROOT;10090.0;10.0;10088.0;20.0;;;10101.0;10.0;;;;;10095.5;0.0;95700
-2;95800;INTARIAN_PEPPER_ROOT;10090.0;12.0;10088.0;24.0;;;10101.0;12.0;;;;;10095.5;0.0;95800
-2;95900;INTARIAN_PEPPER_ROOT;10088.0;19.0;;;;;10101.0;12.0;10104.0;19.0;;;10094.5;0.0;95900
-2;96000;INTARIAN_PEPPER_ROOT;10090.0;9.0;10088.0;22.0;;;;;;;;;10090.0;0.0;96000
-2;96100;INTARIAN_PEPPER_ROOT;;;;;;;10102.0;12.0;10104.0;20.0;;;10102.0;0.0;96100
-2;96200;INTARIAN_PEPPER_ROOT;10091.0;12.0;;;;;10102.0;12.0;10104.0;15.0;;;10096.5;0.0;96200
-2;96300;INTARIAN_PEPPER_ROOT;10088.0;19.0;;;;;10102.0;8.0;10104.0;19.0;;;10095.0;0.0;96300
-2;96400;INTARIAN_PEPPER_ROOT;10091.0;12.0;;;;;10102.0;12.0;10104.0;24.0;;;10096.5;0.0;96400
-2;96500;INTARIAN_PEPPER_ROOT;10091.0;9.0;10088.0;22.0;;;10102.0;9.0;10105.0;22.0;;;10096.5;0.0;96500
-2;96600;INTARIAN_PEPPER_ROOT;10091.0;11.0;10089.0;16.0;;;10105.0;16.0;;;;;10098.0;0.0;96600
-2;96700;INTARIAN_PEPPER_ROOT;10091.0;8.0;10089.0;17.0;;;10102.0;8.0;10105.0;17.0;;;10096.5;0.0;96700
-2;96800;INTARIAN_PEPPER_ROOT;10089.0;21.0;;;;;;;;;;;10089.0;0.0;96800
-2;96900;INTARIAN_PEPPER_ROOT;10091.0;9.0;;;;;10102.0;9.0;10105.0;22.0;;;10096.5;0.0;96900
-2;97000;INTARIAN_PEPPER_ROOT;10089.0;16.0;;;;;10103.0;9.0;10105.0;16.0;;;10096.0;0.0;97000
-2;97100;INTARIAN_PEPPER_ROOT;10092.0;10.0;10089.0;23.0;;;10103.0;10.0;;;;;10097.5;0.0;97100
-2;97200;INTARIAN_PEPPER_ROOT;10092.0;11.0;;;;;10105.0;18.0;;;;;10098.5;0.0;97200
-2;97300;INTARIAN_PEPPER_ROOT;10092.0;12.0;;;;;10103.0;12.0;10105.0;23.0;;;10097.5;0.0;97300
-2;97400;INTARIAN_PEPPER_ROOT;10092.0;11.0;10089.0;17.0;;;10103.0;11.0;10105.0;17.0;;;10097.5;0.0;97400
-2;97500;INTARIAN_PEPPER_ROOT;10092.0;10.0;;;;;10103.0;10.0;10106.0;21.0;;;10097.5;0.0;97500
-2;97600;INTARIAN_PEPPER_ROOT;10092.0;10.0;10090.0;25.0;;;10106.0;25.0;;;;;10099.0;0.0;97600
-2;97700;INTARIAN_PEPPER_ROOT;10092.0;8.0;10090.0;22.0;;;10103.0;8.0;10106.0;22.0;;;10097.5;0.0;97700
-2;97800;INTARIAN_PEPPER_ROOT;;;;;;;10106.0;24.0;;;;;10106.0;0.0;97800
-2;97900;INTARIAN_PEPPER_ROOT;10092.0;9.0;10090.0;16.0;;;10106.0;16.0;;;;;10099.0;0.0;97900
-2;98000;INTARIAN_PEPPER_ROOT;10090.0;16.0;;;;;10104.0;11.0;10106.0;16.0;;;10097.0;0.0;98000
-2;98100;INTARIAN_PEPPER_ROOT;10090.0;16.0;;;;;10104.0;11.0;10106.0;16.0;;;10097.0;0.0;98100
-2;98200;INTARIAN_PEPPER_ROOT;10093.0;8.0;10090.0;22.0;;;10104.0;8.0;;;;;10098.5;0.0;98200
-2;98300;INTARIAN_PEPPER_ROOT;;;;;;;;;;;;;0.0;0.0;98300
-2;98400;INTARIAN_PEPPER_ROOT;10093.0;12.0;;;;;10104.0;12.0;10106.0;16.0;;;10098.5;0.0;98400
-2;98500;INTARIAN_PEPPER_ROOT;10093.0;11.0;10090.0;18.0;;;10104.0;11.0;10107.0;18.0;;;10098.5;0.0;98500
-2;98600;INTARIAN_PEPPER_ROOT;10101.0;3.0;10093.0;10.0;10091.0;24.0;10104.0;10.0;10107.0;24.0;;;10102.5;0.0;98600
-2;98700;INTARIAN_PEPPER_ROOT;10093.0;12.0;10091.0;20.0;;;10104.0;12.0;10107.0;20.0;;;10098.5;0.0;98700
-2;98800;INTARIAN_PEPPER_ROOT;10091.0;15.0;;;;;10107.0;15.0;;;;;10099.0;0.0;98800
-2;98900;INTARIAN_PEPPER_ROOT;10093.0;10.0;10091.0;15.0;;;10104.0;10.0;10107.0;15.0;;;10098.5;0.0;98900
-2;99000;INTARIAN_PEPPER_ROOT;10093.0;10.0;;;;;10105.0;10.0;;;;;10099.0;0.0;99000
-2;99100;INTARIAN_PEPPER_ROOT;10091.0;20.0;;;;;10105.0;8.0;;;;;10098.0;0.0;99100
-2;99200;INTARIAN_PEPPER_ROOT;10094.0;10.0;;;;;10107.0;23.0;;;;;10100.5;0.0;99200
-2;99300;INTARIAN_PEPPER_ROOT;10094.0;8.0;10091.0;16.0;;;10105.0;8.0;10107.0;16.0;;;10099.5;0.0;99300
-2;99400;INTARIAN_PEPPER_ROOT;10094.0;8.0;10091.0;16.0;;;10105.0;8.0;10107.0;16.0;;;10099.5;0.0;99400
-2;99500;INTARIAN_PEPPER_ROOT;10091.0;17.0;;;;;10105.0;12.0;10108.0;17.0;;;10098.0;0.0;99500
-2;99600;INTARIAN_PEPPER_ROOT;10094.0;11.0;10092.0;15.0;;;10105.0;11.0;10108.0;15.0;;;10099.5;0.0;99600
-2;99700;INTARIAN_PEPPER_ROOT;10094.0;10.0;;;;;10105.0;10.0;10108.0;19.0;;;10099.5;0.0;99700
-2;99800;INTARIAN_PEPPER_ROOT;10094.0;12.0;10092.0;21.0;;;10105.0;12.0;10108.0;21.0;;;10099.5;0.0;99800
-2;99900;INTARIAN_PEPPER_ROOT;10094.0;11.0;10092.0;15.0;;;10105.0;11.0;10108.0;15.0;;;10099.5;0.0;99900
-2;100000;INTARIAN_PEPPER_ROOT;10094.0;11.0;10092.0;15.0;;;10106.0;11.0;10108.0;15.0;;;10100.0;0.0;100000
-2;100100;INTARIAN_PEPPER_ROOT;10095.0;12.0;;;;;10106.0;12.0;;;;;10100.5;0.0;100100
-2;100200;INTARIAN_PEPPER_ROOT;10095.0;8.0;10092.0;17.0;;;10106.0;8.0;10108.0;17.0;;;10100.5;0.0;100200
-2;100300;INTARIAN_PEPPER_ROOT;10095.0;12.0;10092.0;24.0;;;10106.0;12.0;10108.0;24.0;;;10100.5;0.0;100300
-2;100400;INTARIAN_PEPPER_ROOT;10092.0;15.0;;;;;10106.0;9.0;10108.0;15.0;;;10099.0;0.0;100400
-2;100500;INTARIAN_PEPPER_ROOT;10095.0;8.0;10092.0;19.0;;;;;;;;;10095.0;0.0;100500
-2;100600;INTARIAN_PEPPER_ROOT;;;;;;;10106.0;11.0;10109.0;23.0;;;10106.0;0.0;100600
-2;100700;INTARIAN_PEPPER_ROOT;10095.0;9.0;10093.0;20.0;;;10106.0;9.0;10109.0;20.0;;;10100.5;0.0;100700
-2;100800;INTARIAN_PEPPER_ROOT;10095.0;9.0;;;;;10109.0;15.0;;;;;10102.0;0.0;100800
-2;100900;INTARIAN_PEPPER_ROOT;10095.0;9.0;10093.0;19.0;;;10106.0;9.0;10109.0;19.0;;;10100.5;0.0;100900
-2;101000;INTARIAN_PEPPER_ROOT;10095.0;10.0;;;;;10107.0;10.0;10109.0;16.0;;;10101.0;0.0;101000
-2;101100;INTARIAN_PEPPER_ROOT;10096.0;8.0;10093.0;24.0;;;10107.0;8.0;10109.0;24.0;;;10101.5;0.0;101100
-2;101200;INTARIAN_PEPPER_ROOT;10099.0;8.0;10096.0;11.0;10093.0;18.0;;;;;;;10099.0;0.0;101200
-2;101300;INTARIAN_PEPPER_ROOT;10096.0;12.0;10093.0;15.0;;;10107.0;12.0;10109.0;15.0;;;10101.5;0.0;101300
-2;101400;INTARIAN_PEPPER_ROOT;10096.0;8.0;10093.0;16.0;;;10107.0;8.0;10109.0;16.0;;;10101.5;0.0;101400
-2;101500;INTARIAN_PEPPER_ROOT;10096.0;8.0;10093.0;16.0;;;10107.0;8.0;10110.0;16.0;;;10101.5;0.0;101500
-2;101600;INTARIAN_PEPPER_ROOT;10096.0;11.0;10094.0;16.0;;;10107.0;11.0;10110.0;16.0;;;10101.5;0.0;101600
-2;101700;INTARIAN_PEPPER_ROOT;10096.0;11.0;10094.0;16.0;;;10107.0;11.0;;;;;10101.5;0.0;101700
-2;101800;INTARIAN_PEPPER_ROOT;10096.0;9.0;10094.0;18.0;;;10107.0;9.0;10110.0;18.0;;;10101.5;0.0;101800
-2;101900;INTARIAN_PEPPER_ROOT;10096.0;10.0;10094.0;20.0;;;10107.0;10.0;10110.0;20.0;;;10101.5;0.0;101900
-2;102000;INTARIAN_PEPPER_ROOT;10096.0;12.0;;;;;10108.0;12.0;10110.0;17.0;;;10102.0;0.0;102000
-2;102100;INTARIAN_PEPPER_ROOT;10097.0;11.0;;;;;10108.0;11.0;10110.0;18.0;;;10102.5;0.0;102100
-2;102200;INTARIAN_PEPPER_ROOT;10097.0;10.0;;;;;10108.0;10.0;10110.0;17.0;;;10102.5;0.0;102200
-2;102300;INTARIAN_PEPPER_ROOT;10097.0;11.0;;;;;10108.0;11.0;10110.0;16.0;;;10102.5;0.0;102300
-2;102400;INTARIAN_PEPPER_ROOT;10105.0;8.0;10097.0;11.0;10094.0;16.0;10108.0;11.0;10110.0;16.0;;;10106.5;0.0;102400
-2;102500;INTARIAN_PEPPER_ROOT;10094.0;19.0;;;;;10108.0;8.0;10111.0;19.0;;;10101.0;0.0;102500
-2;102600;INTARIAN_PEPPER_ROOT;10097.0;9.0;;;;;10108.0;9.0;10111.0;20.0;;;10102.5;0.0;102600
-2;102700;INTARIAN_PEPPER_ROOT;10097.0;12.0;;;;;10108.0;12.0;10111.0;23.0;;;10102.5;0.0;102700
-2;102800;INTARIAN_PEPPER_ROOT;10097.0;8.0;10095.0;25.0;;;10108.0;8.0;;;;;10102.5;0.0;102800
-2;102900;INTARIAN_PEPPER_ROOT;10097.0;9.0;10095.0;20.0;;;10111.0;20.0;;;;;10104.0;0.0;102900
-2;103000;INTARIAN_PEPPER_ROOT;10097.0;12.0;10095.0;20.0;;;10111.0;20.0;;;;;10104.0;0.0;103000
-2;103100;INTARIAN_PEPPER_ROOT;10098.0;10.0;;;;;10109.0;10.0;10111.0;18.0;;;10103.5;0.0;103100
-2;103200;INTARIAN_PEPPER_ROOT;10098.0;8.0;10095.0;21.0;;;10109.0;8.0;10111.0;21.0;;;10103.5;0.0;103200
-2;103300;INTARIAN_PEPPER_ROOT;10098.0;8.0;10095.0;15.0;;;10109.0;8.0;10111.0;15.0;;;10103.5;0.0;103300
-2;103400;INTARIAN_PEPPER_ROOT;10098.0;10.0;;;;;10111.0;16.0;;;;;10104.5;0.0;103400
-2;103500;INTARIAN_PEPPER_ROOT;10098.0;8.0;;;;;10109.0;8.0;;;;;10103.5;0.0;103500
-2;103600;INTARIAN_PEPPER_ROOT;10098.0;11.0;10096.0;24.0;;;10109.0;11.0;10112.0;24.0;;;10103.5;0.0;103600
-2;103700;INTARIAN_PEPPER_ROOT;10098.0;10.0;10096.0;17.0;;;10109.0;10.0;10112.0;17.0;;;10103.5;0.0;103700
-2;103800;INTARIAN_PEPPER_ROOT;10098.0;9.0;10096.0;21.0;;;10109.0;9.0;10112.0;21.0;;;10103.5;0.0;103800
-2;103900;INTARIAN_PEPPER_ROOT;10098.0;10.0;10096.0;19.0;;;10109.0;10.0;10112.0;19.0;;;10103.5;0.0;103900
-2;104000;INTARIAN_PEPPER_ROOT;10098.0;11.0;;;;;10110.0;11.0;10112.0;18.0;;;10104.0;0.0;104000
-2;104100;INTARIAN_PEPPER_ROOT;10099.0;12.0;10096.0;24.0;;;10110.0;12.0;10112.0;24.0;;;10104.5;0.0;104100
-2;104200;INTARIAN_PEPPER_ROOT;10099.0;11.0;10096.0;23.0;;;10110.0;11.0;10112.0;23.0;;;10104.5;0.0;104200
-2;104300;INTARIAN_PEPPER_ROOT;10099.0;9.0;10096.0;25.0;;;10110.0;9.0;10112.0;25.0;;;10104.5;0.0;104300
-2;104400;INTARIAN_PEPPER_ROOT;10099.0;9.0;10096.0;20.0;;;10112.0;20.0;;;;;10105.5;0.0;104400
-2;104500;INTARIAN_PEPPER_ROOT;10096.0;17.0;;;;;10113.0;17.0;;;;;10104.5;0.0;104500
-2;104600;INTARIAN_PEPPER_ROOT;10099.0;10.0;;;;;10110.0;10.0;10113.0;25.0;;;10104.5;0.0;104600
-2;104700;INTARIAN_PEPPER_ROOT;10099.0;11.0;10097.0;16.0;;;10110.0;11.0;;;;;10104.5;0.0;104700
-2;104800;INTARIAN_PEPPER_ROOT;10099.0;12.0;10097.0;20.0;;;10110.0;12.0;10113.0;20.0;;;10104.5;0.0;104800
-2;104900;INTARIAN_PEPPER_ROOT;10099.0;10.0;10097.0;20.0;;;10110.0;10.0;10113.0;20.0;;;10104.5;0.0;104900
-2;105000;INTARIAN_PEPPER_ROOT;10099.0;11.0;10097.0;15.0;;;10111.0;11.0;10113.0;15.0;;;10105.0;0.0;105000
-2;105100;INTARIAN_PEPPER_ROOT;10100.0;12.0;10097.0;20.0;;;10111.0;12.0;10113.0;20.0;;;10105.5;0.0;105100
-2;105200;INTARIAN_PEPPER_ROOT;10100.0;11.0;10097.0;18.0;;;10111.0;11.0;10113.0;18.0;;;10105.5;0.0;105200
-2;105300;INTARIAN_PEPPER_ROOT;10100.0;8.0;10097.0;24.0;;;10111.0;8.0;10113.0;24.0;;;10105.5;0.0;105300
-2;105400;INTARIAN_PEPPER_ROOT;10100.0;8.0;10097.0;19.0;;;10111.0;8.0;10113.0;19.0;;;10105.5;0.0;105400
-2;105500;INTARIAN_PEPPER_ROOT;10100.0;10.0;;;;;10111.0;10.0;10114.0;21.0;;;10105.5;0.0;105500
